
@inproceedings{ba2014deep,
  title={Do deep nets really need to be deep?},
  author={Ba, Jimmy and Caruana, Rich},
  booktitle={Advances in neural information processing systems},
  pages={2654--2662},
  year={2014}
}

@InProceedings{pmlr-v70-zhao17b,
  title={Theoretical Properties for Neural Networks with Weight Matrices of Low Displacement Rank},
  author={Liang Zhao and Siyu Liao and Yanzhi Wang and Zhe Li and Jian Tang and Bo Yuan},
  booktitle={Proceedings of the 34th International Conference on Machine Learning},
  pages={4082--4090},
  year={2017},
  editor={Doina Precup and Yee Whye Teh},
  volume={70},
  series={Proceedings of Machine Learning Research},
  address={International Convention Centre, Sydney, Australia},
  publisher={PMLR},
}



@article{muller1998algorithmic,
  title={Algorithmic design of diffractive optical systems for information processing},
  author={M{\"u}ller-Quade, J{\"o}rn and Aagedal, Harald and Beth, Th and Schmid, Michael},
  journal={Physica D: Nonlinear Phenomena},
  volume={120},
  number={1-2},
  pages={196--205},
  year={1998},
  publisher={Elsevier},
}

@article{schmid2000decomposing,
  title={Decomposing a matrix into circulant and diagonal factors},
  author={Schmid, Michael and Steinwandt, Rainer and M{\"u}ller-Quade, J{\"o}rn and R{\"o}tteler, Martin and Beth, Thomas},
  journal={Linear Algebra and its Applications},
  volume={306},
  number={1-3},
  pages={131--143},
  year={2000},
  publisher={Elsevier},
}

@article{KARNER2003301,
title = "Spectral decomposition of real circulant matrices",
journal = "Linear Algebra and its Applications",
volume = "367",
pages = "301 - 311",
year = "2003",
issn = "0024-3795",
author = "Herbert Karner and Josef Schneid and Christoph W Ueberhuber",
keywords = "Real circulant matrix, Hankel matrix, Toeplitz matrix"
}

@article{barron1993universal,
  title={Universal approximation bounds for superpositions of a sigmoidal function},
  author={Barron, Andrew R},
  journal={IEEE Transactions on Information theory},
  volume={39},
  number={3},
  pages={930--945},
  year={1993},
  publisher={IEEE},
}

@article{DBLP:journals/corr/abs-1802-03646,
  author    = {Yukun Ding and
               Jinglan Liu and
               Yiyu Shi},
  title     = {On the Universal Approximability of Quantized ReLU Neural Networks},
  journal   = {CoRR},
  volume    = {abs/1802.03646},
  year      = {2018},
  archivePrefix = {arXiv},
  eprint    = {1802.03646},
  timestamp = {Mon, 13 Aug 2018 16:47:19 +0200},
  bibsource = {dblp computer science bibliography, https://dblp.org}
}

@Article{Ye2016,
author="Ye, Ke
and Lim, Lek-Heng",
title="Every Matrix is a Product of Toeplitz Matrices",
journal="Foundations of Computational Mathematics",
year="2016",
volume="16",
number="3",
pages="577--598",
issn="1615-3383",
doi="10.1007/s10208-015-9254-z",
}

@article{hornik1991approximation,
  title={Approximation capabilities of multilayer feedforward networks},
  author={Hornik, Kurt},
  journal={Neural networks},
  volume={4},
  number={2},
  pages={251--257},
  year={1991},
  publisher={Elsevier},
}

@article{ding2018universal,
  title={On the universal approximability of quantized ReLU neural networks},
  author={Ding, Yukun and Liu, Jinglan and Shi, Yiyu},
  journal={arXiv preprint arXiv:1802.03646},
  year={2018}
}


@article{yarotsky2017error,
  title={Error bounds for approximations with deep ReLU networks},
  author={Yarotsky, Dmitry},
  journal={Neural Networks},
  volume={94},
  pages={103--114},
  year={2017},
  publisher={Elsevier}
}

@article{perekrestenko2018universal,
  title={The universal approximation power of finite-width deep ReLU networks},
  author={Perekrestenko, Dmytro and Grohs, Philipp and Elbr{\"a}chter, Dennis and B{\"o}lcskei, Helmut},
  journal={arXiv preprint arXiv:1806.01528},
  year={2018}
}


@incollection{NIPS2012_4687,
  title = {Large Scale Distributed Deep Networks},
  author = {Jeffrey Dean and Greg Corrado and Rajat Monga and Chen, Kai and Matthieu Devin and Mark Mao and Marc aurelio Ranzato and Andrew Senior and Paul Tucker and Ke Yang and Quoc V. Le and Andrew Y. Ng},
  booktitle = {Advances in Neural Information Processing Systems 25},
  editor = {F. Pereira and C. J. C. Burges and L. Bottou and K. Q. Weinberger},
  pages = {1223--1231},
  year = {2012},
  publisher = {Curran Associates, Inc.},
}


@INPROCEEDINGS{cheng, 
author={Y. Cheng and F. X. Yu and R. S. Feris and S. Kumar and A. Choudhary and S. F. Chang}, 
booktitle={2015 IEEE International Conference on Computer Vision (ICCV)}, 
title={An Exploration of Parameter Redundancy in Deep Networks with Circulant Projections}, 
year={2015}, 
pages={2857-2865}, 
}

@article{VYBIRAL20111096,
title = "A variant of the Johnson–Lindenstrauss lemma for circulant matrices",
journal = "Journal of Functional Analysis",
volume = "260",
number = "4",
pages = "1096 - 1105",
year = "2011",
issn = "0022-1236",
doi = "https://doi.org/10.1016/j.jfa.2010.11.014",
author = "Jan Vybíral",
keywords = "Johnson–Lindenstrauss lemma, Circulant matrix, Discrete Fourier transform, Singular value decomposition"
}

@INPROCEEDINGS{7410530, 
author={Z. Yang and M. Moczulski and M. Denil and N. d. Freitas and A. Smola and L. Song and Z. Wang}, 
booktitle={2015 IEEE International Conference on Computer Vision (ICCV)}, 
title={Deep Fried Convnets}, 
year={2015}, 
volume={}, 
number={}, 
pages={1476-1483}, 
doi={10.1109/ICCV.2015.173}, 
ISSN={}, 
}

@Article{Huhtanen2015,
  author="Huhtanen, Marko and Per{\"a}m{\"a}ki, Allan",
  title="Factoring Matrices into the Product of Circulant and Diagonal Matrices",
  journal="Journal of Fourier Analysis and Applications",
  year="2015",
  volume="21",
  number="5",
  pages="1018--1033",
  issn="1531-5851",
  doi="10.1007/s00041-015-9395-0",
}

@incollection{NIPS2015_5869,
  title = {Structured Transforms for Small-Footprint Deep Learning},
  author = {Sindhwani, Vikas and Sainath, Tara and Kumar, Sanjiv},
  booktitle = {Advances in Neural Information Processing Systems 28},
  editor = {C. Cortes and N. D. Lawrence and D. D. Lee and M. Sugiyama and R. Garnett},
  pages = {3088--3096},
  year = {2015},
  publisher = {Curran Associates, Inc.},
}

@inproceedings{abu2016youtube,
  title = {YouTube-8M: A Large-Scale Video Classification Benchmark},
  author = {Sami Abu-El-Haija and Nisarg Kothari and Joonseok Lee and Apostol (Paul) Natsev and George Toderici and Balakrishnan Varadarajan and Sudheendra Vijayanarasimhan},
  year = {2016},
  booktitle = {arXiv:1609.08675}
}


@inproceedings{Chen:2015:CNN:3045118.3045361,
  author = {Chen, Wenlin and Wilson, James T. and Tyree, Stephen and Weinberger, Kilian Q. and Chen, Yixin},
  title = {Compressing Neural Networks with the Hashing Trick},
  booktitle = {Proceedings of the 32Nd International Conference on International Conference on Machine Learning - Volume 37},
  series = {ICML'15},
  year = {2015},
  location = {Lille, France},
  pages = {2285--2294},
  numpages = {10},
  acmid = {3045361},
  publisher = {JMLR.org},
} 

@incollection{NIPS2013_5025,
  title = {Predicting Parameters in Deep Learning},
  author = {Denil, Misha and Shakibi, Babak and Dinh, Laurent and Ranzato, Marc\textquotesingle Aurelio and de Freitas, Nando},
  booktitle = {Advances in Neural Information Processing Systems 26},
  editor = {C. J. C. Burges and L. Bottou and M. Welling and Z. Ghahramani and K. Q. Weinberger},
  pages = {2148--2156},
  year = {2013},
  publisher = {Curran Associates, Inc.},
}

@inproceedings{44873,
  title = {Distilling the Knowledge in a Neural Network},
  author  = {Geoffrey Hinton and Oriol Vinyals and Jeffrey Dean},
  year  = {2015},
  booktitle = {NIPS Deep Learning and Representation Learning Workshop}
}

@inproceedings{trabelsi2018deep,
  title={Deep Complex Networks},
  author={Chiheb Trabelsi and Olexa Bilaniuk and Ying Zhang and Dmitriy Serdyuk and Sandeep Subramanian and Joao Felipe Santos and Soroush Mehri and Negar Rostamzadeh and Yoshua Bengio and Christopher J Pal},
  booktitle={International Conference on Learning Representations},
  year={2018},
  url={https://openreview.net/forum?id=H1T2hmZAb},
}

@article{han2015deep_compression,
  title={Deep Compression: Compressing Deep Neural Networks with Pruning, Trained Quantization and Huffman Coding},
  author={Han, Song and Mao, Huizi and Dally, William J},
  journal={International Conference on Learning Representations (ICLR)},
  year={2016}
}

@article{DBLP:journals/corr/MellempudiKM0KD17,
  author    = {Naveen Mellempudi and
               Abhisek Kundu and
               Dheevatsa Mudigere and
               Dipankar Das and
               Bharat Kaul and
               Pradeep Dubey},
  title     = {Ternary Neural Networks with Fine-Grained Quantization},
  journal   = {CoRR},
  volume    = {abs/1705.01462},
  year      = {2017}
}

@inproceedings{rastegariECCV16,
    Author = {Mohammad Rastegari and Vicente Ordonez and Joseph Redmon and Ali Farhadi},
    Title = {XNOR-Net: ImageNet Classification Using Binary Convolutional Neural Networks},
    Booktitle = {ECCV},
    Year = {2016}
}

@article{Jaderberg2014SpeedingUC,
  title={Speeding up Convolutional Neural Networks with Low Rank Expansions},
  author={Max Jaderberg and Andrea Vedaldi and Andrew Zisserman},
  journal={CoRR},
  year={2014},
  volume={abs/1405.3866}
}

@article{Zhang:2016:AVD:3026801.3026837,
 author = {Zhang, Xiangyu and Zou, Jianhua and He, Kaiming and Sun, Jian},
 title = {Accelerating Very Deep Convolutional Networks for Classification and Detection},
 journal = {IEEE Trans. Pattern Anal. Mach. Intell.},
 issue_date = {October 2016},
 volume = {38},
 number = {10},
 year = {2016},
 issn = {0162-8828},
 pages = {1943--1955},
 numpages = {13},
 doi = {10.1109/TPAMI.2015.2502579},
 acmid = {3026837},
 publisher = {IEEE Computer Society},
 address = {Washington, DC, USA},
} 

@INPROCEEDINGS{8099498, 
author={X. Yu and T. Liu and X. Wang and D. Tao}, 
booktitle={2017 IEEE Conference on Computer Vision and Pattern Recognition (CVPR)}, 
title={On Compressing Deep Models by Low Rank and Sparse Decomposition}, 
year={2017}, 
volume={}, 
number={}, 
pages={67-76}, 
doi={10.1109/CVPR.2017.15}, 
ISSN={1063-6919}, 
}

@inproceedings{Han:2015:LBW:2969239.2969366,
 author = {Han, Song and Pool, Jeff and Tran, John and Dally, William J.},
 title = {Learning Both Weights and Connections for Efficient Neural Networks},
 booktitle = {Proceedings of the 28th International Conference on Neural Information Processing Systems - Volume 1},
 series = {NIPS'15},
 year = {2015},
 location = {Montreal, Canada},
 pages = {1135--1143},
 numpages = {9},
 acmid = {2969366},
 publisher = {MIT Press},
 address = {Cambridge, MA, USA},
} 


@inproceedings{guo2016dynamic,    
  title = {Dynamic Network Surgery for Efficient DNNs},
  author = {Guo, Yiwen and Yao, Anbang and Chen, Yurong},
  booktitle = {Advances in neural information processing systems (NIPS)},
  year = {2016}
} 


@ARTICLE{8259424, 
author={J. Dean and D. Patterson and C. Young}, 
journal={IEEE Micro}, 
title={A New Golden Age in Computer Architecture: Empowering the Machine-Learning Revolution}, 
year={2018}, 
volume={38}, 
number={2}, 
pages={21-29}, 
doi={10.1109/MM.2018.112130030}, 
ISSN={0272-1732}, 
}


@InProceedings{pmlr-v80-dai18d,
  title =    {Compressing Neural Networks using the Variational Information Bottleneck},
  author =   {Dai, Bin and Zhu, Chen and Guo, Baining and Wipf, David},
  booktitle =    {Proceedings of the 35th International Conference on Machine Learning},
  pages =    {1143--1152},
  year =   {2018},
  editor =   {Dy, Jennifer and Krause, Andreas},
  volume =   {80},
  series =   {Proceedings of Machine Learning Research},
  address =    {Stockholmsmässan, Stockholm Sweden},
  publisher =    {PMLR},
}


@inproceedings{karpathy2014large,
  title={Large-scale video classification with convolutional neural networks},
  author={Karpathy, Andrej and Toderici, George and Shetty, Sanketh and Leung, Thomas and Sukthankar, Rahul and Fei-Fei, Li},
  booktitle={Proceedings of the IEEE conference on Computer Vision and Pattern Recognition},
  pages={1725--1732},
  year={2014}
}

@inproceedings{yue2015beyond,
  title={Beyond short snippets: Deep networks for video classification},
  author={Yue-Hei Ng, Joe and Hausknecht, Matthew and Vijayanarasimhan, Sudheendra and Vinyals, Oriol and Monga, Rajat and Toderici, George},
  booktitle={Proceedings of the IEEE conference on computer vision and pattern recognition},
  pages={4694--4702},
  year={2015}
}


@INPROCEEDINGS{716791, 
author={M. I. Jordan and R. A. Jacobs}, 
booktitle={Proceedings of 1993 International Conference on Neural Networks (IJCNN-93-Nagoya, Japan)}, 
title={Hierarchical mixtures of experts and the EM algorithm}, 
year={1993}, 
volume={2}, 
number={}, 
pages={1339-1344 vol.2}, 
doi={10.1109/IJCNN.1993.716791}, 
ISSN={}, 
}

@article{ailon2009fast,
  title={The fast Johnson--Lindenstrauss transform and approximate nearest neighbors},
  author={Ailon, Nir and Chazelle, Bernard},
  journal={SIAM Journal on computing},
  volume={39},
  number={1},
  pages={302--322},
  year={2009},
  publisher={SIAM}
}


@article{hinrichs2011johnson,
  title={Johnson-Lindenstrauss lemma for circulant matrices},
  author={Hinrichs, Aicke and Vybiral, Jan},
  journal={Random Structures \& Algorithms},
  volume={39},
  number={3},
  pages={391--398},
  year={2011},
  publisher={Wiley Online Library}
}

@misc{tensorflow2015-whitepaper,
title={ {TensorFlow}: Large-Scale Machine Learning on Heterogeneous Systems},
note={Software available from tensorflow.org},
author={
    Mart\'{i}n Abadi and
    Ashish Agarwal and
    Paul Barham and
    Eugene Brevdo and
    Zhifeng Chen and
    Craig Citro and
    Greg~S. Corrado and
    Andy Davis and
    Jeffrey Dean and
    Matthieu Devin and
    Sanjay Ghemawat and
    Ian Goodfellow and
    Andrew Harp and
    Geoffrey Irving and
    Michael Isard and
    Yangqing Jia and
    Rafal Jozefowicz and
    Lukasz Kaiser and
    Manjunath Kudlur and
    Josh Levenberg and
    Dandelion Man\'{e} and
    Rajat Monga and
    Sherry Moore and
    Derek Murray and
    Chris Olah and
    Mike Schuster and
    Jonathon Shlens and
    Benoit Steiner and
    Ilya Sutskever and
    Kunal Talwar and
    Paul Tucker and
    Vincent Vanhoucke and
    Vijay Vasudevan and
    Fernanda Vi\'{e}gas and
    Oriol Vinyals and
    Pete Warden and
    Martin Wattenberg and
    Martin Wicke and
    Yuan Yu and
    Xiaoqiang Zheng},
  year={2015},
}

@article{skalic2017deep,
  title={Deep learning methods for efficient large scale video labeling},
  author={Skalic, Miha and Pekalski, Marcin and Pan, Xingguo E},
  journal={arXiv preprint arXiv:1706.04572},
  year={2017}
}


@INPROCEEDINGS{4270291, 
author={F. Perronnin and C. Dance}, 
booktitle={2007 IEEE Conference on Computer Vision and Pattern Recognition}, 
title={Fisher Kernels on Visual Vocabularies for Image Categorization}, 
year={2007}, 
volume={}, 
number={}, 
pages={1-8}, 
doi={10.1109/CVPR.2007.383266}, 
ISSN={1063-6919}, 
}


@article{moczulski2015acdc,
  title={ACDC: A structured efficient linear layer},
  author={Moczulski, Marcin and Denil, Misha and Appleyard, Jeremy and de Freitas, Nando},
  journal={arXiv preprint arXiv:1511.05946},
  year={2015}
}


@inproceedings{anca2018eccv,
  title = {Training compact deep learning models for video classification using circulant matrices},
  author = {Araujo, Alexandre and Negrevergne, Benjamin and Chevaleyre, Yann and Atif, Jamal},
  booktitle = {The 2nd Workshop on YouTube-8M Large-Scale Video Understanding at ECCV 2018},
  year={2018},
}



@ARTICLE{hanin2017universal,
   author = {{Hanin}, B.},
    title = "{Universal Function Approximation by Deep Neural Nets with Bounded Width and ReLU Activations}",
  journal = {ArXiv e-prints},
archivePrefix = "arXiv",
   eprint = {1708.02691},
 primaryClass = "stat.ML",
 keywords = {Statistics - Machine Learning, Computer Science - Computational Geometry, Computer Science - Machine Learning, Mathematics - Functional Analysis, Mathematics - Statistics Theory},
     year = 2017,
  adsnote = {Provided by the SAO/NASA Astrophysics Data System}
}


@INPROCEEDINGS{6638949, 
  author={T. N. Sainath and B. Kingsbury and V. Sindhwani and E. Arisoy and B. Ramabhadran}, 
  booktitle={2013 IEEE International Conference on Acoustics, Speech and Signal Processing}, 
  title={Low-rank matrix factorization for Deep Neural Network training with high-dimensional output targets}, 
  year={2013}, 
  volume={}, 
  number={}, 
  pages={6655-6659}, 
  doi={10.1109/ICASSP.2013.6638949}, 
  ISSN={1520-6149}, 
}

@INPROCEEDINGS{goyal19,
  author={S. {Goyal} and A. {Roy Choudhury} and V. {Sharma}},
  booktitle={2019 IEEE International Parallel and Distributed Processing Symposium Workshops (IPDPSW)},
  title={Compression of Deep Neural Networks by Combining Pruning and Low Rank Decomposition},
  year={2019},
  volume={},
  number={},
  pages={952-958},
  doi={10.1109/IPDPSW.2019.00162}
}

@InProceedings{sedghi2018iclr,
author = {Sedghi, Hanie and Gupta, Vineet and Long, Philip},
year = {2018},
title = {The Singular Values of Convolutional Layers},
booktitle={ICLR}
}

@inproceedings{arora2019implicit,
  title={Implicit regularization in deep matrix factorization},
  author={Arora, Sanjeev and Cohen, Nadav and Hu, Wei and Luo, Yuping},
  booktitle={Advances in Neural Information Processing Systems},
  pages={7413--7424},
  year={2019}
}

@InProceedings{chong18eccv,
author="Li, Chong
and Shi, C. J. Richard",
editor="Ferrari, Vittorio
and Hebert, Martial
and Sminchisescu, Cristian
and Weiss, Yair",
title="Constrained Optimization Based Low-Rank Approximation of Deep Neural Networks",
booktitle="Computer Vision -- ECCV 2018",
year="2018",
publisher="Springer International Publishing",
address="Cham",
pages="746--761"
}


@incollection{Thomas_NIPS2018_8119,
title = {Learning Compressed Transforms with Low Displacement Rank},
author = {Thomas, Anna and Gu, Albert and Dao, Tri and Rudra, Atri and R\'{e}, Christopher},
booktitle = {Advances in Neural Information Processing Systems 31},
editor = {S. Bengio and H. Wallach and H. Larochelle and K. Grauman and N. Cesa-Bianchi and R. Garnett},
pages = {9066--9078},
year = {2018},
publisher = {Curran Associates, Inc.},
}


@techreport{krizhevsky2009learning,
  title={Learning multiple layers of features from tiny images},
  author={Krizhevsky, Alex and Hinton, Geoffrey},
  year={2009},
  institution={Citeseer}
}

@inproceedings{novikov2015tensorizing,
  title={Tensorizing neural networks},
  author={Novikov, Alexander and Podoprikhin, Dmitrii and Osokin, Anton and Vetrov, Dmitry P},
  booktitle={Advances in Neural Information Processing Systems},
  pages={442--450},
  year={2015}
}

@article{sanchez1995diagonalizing,
  title={Diagonalizing properties of the discrete cosine transforms},
  author={Sanchez, Victoria and Garcia, Pedro and Peinado, Antonio M and Segura, Jos{\'e} C and Rubio, Antonio J},
  journal={IEEE transactions on Signal Processing},
  volume={43},
  number={11},
  pages={2631--2641},
  year={1995},
  publisher={IEEE}
}

@article{rabiner1975theory,
  title={Theory and application of digital signal processing},
  author={Rabiner, Lawrence R and Gold, Bernard},
  journal={Englewood Cliffs, NJ, Prentice-Hall, Inc., 1975. 777 p.},
  year={1975}
}

@inproceedings{sainath2013low,
  title={Low-rank matrix factorization for deep neural network training with high-dimensional output targets},
  author={Sainath, Tara N and Kingsbury, Brian and Sindhwani, Vikas and Arisoy, Ebru and Ramabhadran, Bhuvana},
  booktitle={2013 IEEE international conference on acoustics, speech and signal processing},
  pages={6655--6659},
  year={2013},
  organization={IEEE}
}

@inproceedings{denil2013predicting,
  title={Predicting parameters in deep learning},
  author={Denil, Misha and Shakibi, Babak and Dinh, Laurent and De Freitas, Nando and others},
  booktitle={Advances in neural information processing systems},
  pages={2148--2156},
  year={2013}
}

@article{zhang2016understanding,
  title={Understanding deep learning requires rethinking generalization},
  author={Zhang, Chiyuan and Bengio, Samy and Hardt, Moritz and Recht, Benjamin and Vinyals, Oriol},
  journal={arXiv preprint arXiv:1611.03530},
  year={2016},
}


@InProceedings{pmlr-v80-xiao18a,
  title =    {Dynamical Isometry and a Mean Field Theory of {CNN}s: How to Train 10,000-Layer Vanilla Convolutional Neural Networks},
  author =   {Xiao, Lechao and Bahri, Yasaman and Sohl-Dickstein, Jascha and Schoenholz, Samuel and Pennington, Jeffrey},
  booktitle =    {Proceedings of the 35th International Conference on Machine Learning},
  pages =    {5393--5402},
  year =   {2018},
  editor =   {Dy, Jennifer and Krause, Andreas},
  volume =   {80},
  series =   {Proceedings of Machine Learning Research},
  address =    {Stockholmsmässan, Stockholm Sweden},
  publisher =    {PMLR},
}


@article{howard2017mobilenets,
  title={Mobilenets: Efficient convolutional neural networks for mobile vision applications},
  author={Howard, Andrew G and Zhu, Menglong and Chen, Bo and Kalenichenko, Dmitry and Wang, Weijun and Weyand, Tobias and Andreetto, Marco and Adam, Hartwig},
  journal={arXiv preprint arXiv:1704.04861},
  year={2017}
}


@article{hinton2015distilling,
  title={Distilling the knowledge in a neural network},
  author={Hinton, Geoffrey and Vinyals, Oriol and Dean, Jeff},
  journal={arXiv preprint arXiv:1503.02531},
  year={2015}
}

@inproceedings{bucilua2006model,
  title={Model compression},
  author={Buciluǎ, Cristian and Caruana, Rich and Niculescu-Mizil, Alexandru},
  booktitle={Proceedings of the 12th ACM SIGKDD international conference on Knowledge discovery and data mining},
  pages={535--541},
  year={2006},
  organization={ACM}
}


@inproceedings{Ding:2017:CIC:3123939.3124552,
 author = {Ding, Caiwen and Liao, Siyu and Wang, Yanzhi and Li, Zhe and Liu, Ning and Zhuo, Youwei and Wang, Chao and Qian, Xuehai and Bai, Yu and Yuan, Geng and Ma, Xiaolong and Zhang, Yipeng and Tang, Jian and Qiu, Qinru and Lin, Xue and Yuan, Bo},
 title = {CirCNN: Accelerating and Compressing Deep Neural Networks Using Block-circulant Weight Matrices},
 booktitle = {Proceedings of the 50th Annual IEEE/ACM International Symposium on Microarchitecture},
 series = {MICRO-50 '17},
 year = {2017},
 isbn = {978-1-4503-4952-9},
 location = {Cambridge, Massachusetts},
 pages = {395--408},
 numpages = {14},
 doi = {10.1145/3123939.3124552},
 acmid = {3124552},
 publisher = {ACM},
 address = {New York, NY, USA},
 keywords = {FPGA, acceleration, block-circulant matrix, compression, deep learning},
} 

@article{FCVID,
  author = {Yu-Gang Jiang and Zuxuan Wu and Jun Wang and Xiangyang Xue and Shih-Fu Chang},
  title  = {Exploiting Feature and Class Relationships in Video Categorization with Regularized Deep Neural Networks},
  journal = {{IEEE} Transactions on Pattern Analysis and Machine Intelligence},
  volume = {40},
  number = {2},
  pages  = {352--364},
  year   = {2018},
  doi    = {10.1109/TPAMI.2017.2670560},
}

@article{DBLP:journals/corr/WangZW17,
  author    = {He{-}Da Wang and
               Teng Zhang and
               Ji Wu},
  title     = {The Monkeytyping Solution to the YouTube-8M Video Understanding Challenge},
  journal   = {CoRR},
  volume    = {abs/1706.05150},
  year      = {2017}
}

@article{DBLP:journals/corr/LiGLBLLLZW17,
  author    = {Fu Li and
               Chuang Gan and
               Xiao Liu and
               Yunlong Bian and
               Xiang Long and
               Yandong Li and
               Zhichao Li and
               Jie Zhou and
               Shilei Wen},
  title     = {Temporal Modeling Approaches for Large-scale Youtube-8M Video Understanding},
  journal   = {CoRR},
  volume    = {abs/1707.04555},
  year      = {2017}
}

@InProceedings{Arandjelovic16,
  author       = "Arandjelovi\'c, R. and Gronat, P. and Torii, A. and Pajdla, T. and Sivic, J.",
  title        = "{NetVLAD}: {CNN} architecture for weakly supervised place recognition",
  booktitle    = "IEEE Conference on Computer Vision and Pattern Recognition",
  year         = "2016",
}

@article{Sanchez:2013:ICF:2590166.2590173,
 author = {S\'{a}nchez, Jorge and Perronnin, Florent and Mensink, Thomas and Verbeek, Jakob},
 title = {Image Classification with the Fisher Vector: Theory and Practice},
 journal = {Int. J. Comput. Vision},
 volume = {105},
 number = {3},
 year = {2013},
 issn = {0920-5691},
 pages = {222--245},
 doi = {10.1007/s11263-013-0636-x},
 publisher = {Kluwer Academic Publishers},
 address = {Hingham, MA, USA},
 keywords = {Bag-of-Visual words, Fisher kernel, Fisher vector, Image classification, Large-scale classification, Product quantization},
} 


@inproceedings{Chen_Hashing_Trick,
 author = {Chen, Wenlin and Wilson, James T. and Tyree, Stephen and Weinberger, Kilian Q. and Chen, Yixin},
 title = {Compressing Neural Networks with the Hashing Trick},
 booktitle = {Proceedings of the 32Nd International Conference on International Conference on Machine Learning - Volume 37},
 series = {ICML'15},
 year = {2015},
 location = {Lille, France},
 pages = {2285--2294},
 numpages = {10},
 acmid = {3045361},
 publisher = {JMLR.org},
} 

@inproceedings{Gupta:2015:DLL:3045118.3045303,
 author = {Gupta, Suyog and Agrawal, Ankur and Gopalakrishnan, Kailash and Narayanan, Pritish},
 title = {Deep Learning with Limited Numerical Precision},
 booktitle = {Proceedings of the 32Nd International Conference on International Conference on Machine Learning - Volume 37},
 series = {ICML'15},
 year = {2015},
 location = {Lille, France},
 pages = {1737--1746},
 numpages = {10},
 acmid = {3045303},
 publisher = {JMLR.org},
} 




@incollection{NIPS2017_6813,
title = {Runtime Neural Pruning},
author = {Lin, Ji and Rao, Yongming and Lu, Jiwen and Zhou, Jie},
booktitle = {Advances in Neural Information Processing Systems 30},
editor = {I. Guyon and U. V. Luxburg and S. Bengio and H. Wallach and R. Fergus and S. Vishwanathan and R. Garnett},
pages = {2181--2191},
year = {2017},
publisher = {Curran Associates, Inc.},
}

@article{Howard2017MobileNetsEC,
  title={MobileNets: Efficient Convolutional Neural Networks for Mobile Vision Applications},
  author={Andrew G. Howard and Menglong Zhu and Bo Chen and Dmitry Kalenichenko and Weijun Wang and Tobias Weyand and Marco Andreetto and Hartwig Adam},
  journal={CoRR},
  year={2017},
  volume={abs/1704.04861}
}

@inproceedings{dong2017more,
  title     = {More is Less: A More Complicated Network with Less Inference Complexity},
  author    = {Dong, Xuanyi and Huang, Junshi and Yang, Yi and Yan, Shuicheng},
  booktitle = {Proceedings of the IEEE Conference on Computer Vision and Pattern Recognition (CVPR)},
  pages     = {5840--5848},
  doi       = {10.1109/CVPR.2017.205},
  year      = {2017}
}

@article{DBLP:journals/corr/IandolaMAHDK16,
  author    = {Forrest N. Iandola and
               Matthew W. Moskewicz and
               Khalid Ashraf and
               Song Han and
               William J. Dally and
               Kurt Keutzer},
  title     = {SqueezeNet: AlexNet-level accuracy with 50x fewer parameters and {\textless}1MB
               model size},
  journal   = {CoRR},
  volume    = {abs/1602.07360},
  year      = {2016}
}

@inproceedings{Courbariaux:2015:BTD:2969442.2969588,
 author = {Courbariaux, Matthieu and Bengio, Yoshua and David, Jean-Pierre},
 title = {BinaryConnect: Training Deep Neural Networks with Binary Weights During Propagations},
 booktitle = {Proceedings of the 28th International Conference on Neural Information Processing Systems - Volume 2},
 series = {NIPS'15},
 year = {2015},
 location = {Montreal, Canada},
 pages = {3123--3131},
 numpages = {9},
 acmid = {2969588},
 publisher = {MIT Press},
 address = {Cambridge, MA, USA},
}



@article{doi:10.1002/rsa.20360,
author = {Hinrichs Aicke and Vybíral Jan},
title = {Johnson-Lindenstrauss lemma for circulant matrices**},
journal = {Random Structures \& Algorithms},
volume = {39},
number = {3},
pages = {391-398},
keywords = {Johnson-Lindenstrauss lemma, circulant matrices, decoupling lemma},
doi = {10.1002/rsa.20360},
}


@inproceedings{jegou:inria-00548637,
  TITLE = {{Aggregating local descriptors into a compact image representation}},
  AUTHOR = {J{\'e}gou, Herv{\'e} and Douze, Matthijs and Schmid, Cordelia and P{\'e}rez, Patrick},
  BOOKTITLE = {{CVPR 2010 - 23rd IEEE Conference on Computer Vision \& Pattern Recognition}},
  ADDRESS = {San Francisco, United States},
  PUBLISHER = {{IEEE Computer Society}},
  PAGES = {3304-3311},
  YEAR = {2010},
  MONTH = Jun,
  DOI = {10.1109/CVPR.2010.5540039},
  HAL_ID = {inria-00548637},
  HAL_VERSION = {v1},
}


@article{Collins2014MemoryBD,
  title={Memory Bounded Deep Convolutional Networks},
  author={Maxwell D. Collins and Pushmeet Kohli},
  journal={CoRR},
  year={2014},
  volume={abs/1412.1442}
}

@INPROCEEDINGS{7298681, 
author={Baoyuan Liu and Min Wang and H. Foroosh and M. Tappen and M. Penksy}, 
booktitle={2015 IEEE Conference on Computer Vision and Pattern Recognition (CVPR)}, 
title={Sparse Convolutional Neural Networks}, 
year={2015}, 
volume={}, 
number={}, 
pages={806-814}, 
doi={10.1109/CVPR.2015.7298681}, 
ISSN={1063-6919}, 
}

@article{li2018tighter,
  title={On Tighter Generalization Bound for Deep Neural Networks: CNNs, ResNets, and Beyond},
  author={Li, Xingguo and Lu, Junwei and Wang, Zhaoran and Haupt, Jarvis and Zhao, Tuo},
  journal={arXiv preprint arXiv:1806.05159},
  year={2018}
}


@inproceedings{conf/interspeech/XueLG13,
  author = {Xue, Jian and Li, Jinyu and Gong, Yifan},
  booktitle = {INTERSPEECH},
  editor = {Bimbot, Frédéric and Cerisara, Christophe and Fougeron, Cécile and Gravier, Guillaume and Lamel, Lori and Pellegrino, François and Perrier, Pascal},
  keywords = {dblp},
  pages = {2365-2369},
  publisher = {ISCA},
  title = {Restructuring of deep neural network acoustic models with singular value decomposition.},
  year = 2013
}


@inproceedings{arora2018understanding,
title={Understanding Deep Neural Networks with Rectified Linear Units},
author={Raman Arora and Amitabh Basu and Poorya Mianjy and Anirbit Mukherjee},
booktitle={International Conference on Learning Representations},
year={2018},
}

@Article{Lin2017,
author="Lin, Henry W.
and Tegmark, Max
and Rolnick, David",
title="Why Does Deep and Cheap Learning Work So Well?",
journal="Journal of Statistical Physics",
year="2017",
day="01",
volume="168",
number="6",
pages="1223--1247",
issn="1572-9613",
doi="10.1007/s10955-017-1836-5",
}

@article{mhaskar2016deep,
  title={Deep vs. shallow networks: An approximation theory perspective},
  author={Mhaskar, Hrushikesh N and Poggio, Tomaso},
  journal={Analysis and Applications},
  volume={14},
  number={06},
  pages={829--848},
  year={2016},
  publisher={World Scientific}
}

@incollection{NIPS2016_6322,
  title = {Exponential expressivity in deep neural networks through transient chaos},
  author = {Poole, Ben and Lahiri, Subhaneil and Raghu, Maithra and Sohl-Dickstein, Jascha and Ganguli, Surya},
  booktitle = {Advances in Neural Information Processing Systems 29},
  editor = {D. D. Lee and M. Sugiyama and U. V. Luxburg and I. Guyon and R. Garnett},
  pages = {3360--3368},
  year = {2016},
  publisher = {Curran Associates, Inc.},
}

@article{raghu2016expressive,
  title={On the expressive power of deep neural networks},
  author={Raghu, Maithra and Poole, Ben and Kleinberg, Jon and Ganguli, Surya and Sohl-Dickstein, Jascha},
  journal={arXiv preprint arXiv:1606.05336},
  year={2016}
}

@article{telgarsky2015representation,
  title={Representation benefits of deep feedforward networks},
  author={Telgarsky, Matus},
  journal={arXiv preprint arXiv:1509.08101},
  year={2015}
}

@article{scikit-learn,
  title={Scikit-learn: Machine Learning in {P}ython},
  author={Pedregosa, F. and Varoquaux, G. and Gramfort, A. and Michel, V.
	 and Thirion, B. and Grisel, O. and Blondel, M. and Prettenhofer, P.
	 and Weiss, R. and Dubourg, V. and Vanderplas, J. and Passos, A. and
	 Cournapeau, D. and Brucher, M. and Perrot, M. and Duchesnay, E.},
  journal={Journal of Machine Learning Research},
  volume={12},
  pages={2825--2830},
  year={2011}
}

@inproceedings{mhaskar2017and,
  title={When and why are deep networks better than shallow ones?},
  author={Mhaskar, Hrushikesh and Liao, Qianli and Poggio, Tomaso A},
  booktitle={AAAI},
  pages={2343--2349},
  year={2017}
}

@INPROCEEDINGS{Maas13rectifiernonlinearities,
  author = {Andrew L. Maas and Awni Y. Hannun and Andrew Y. Ng},
  title = {Rectifier nonlinearities improve neural network acoustic models},
  booktitle = {in ICML Workshop on Deep Learning for Audio, Speech and Language Processing},
  year = {2013}
}


@inproceedings{sindhwani2015structured,
  title={Structured transforms for small-footprint deep learning},
  author={Sindhwani, Vikas and Sainath, Tara and Kumar, Sanjiv},
  booktitle={Advances in Neural Information Processing Systems},
  pages={3088--3096},
  year={2015}
}


@INPROCEEDINGS{Lecun98gradient-basedlearning,
    author = {Yann Lecun and Léon Bottou and Yoshua Bengio and Patrick Haffner},
    title = {Gradient-based learning applied to document recognition},
    booktitle = {Proceedings of the IEEE},
    year = {1998},
    pages = {2278--2324}
}

@article{cifar,
  title= {CIFAR-10 (Canadian Institute for Advanced Research)},
  author= {Alex Krizhevsky and Vinod Nair and Geoffrey Hinton},
  keywords= {Dataset},
}

@inproceedings{mallat2010recursive,
  author={Mallat, St{\'e}phane},
  booktitle={2010 18th European Signal Processing Conference}, 
  title={Recursive interferometric representations}, 
  year={2010},
  pages={716-720}
}

@article{bruna2013invariant,
  title={Invariant scattering convolution networks},
  author={Bruna, Joan and Mallat, St{\'e}phane},
  journal={IEEE transactions on pattern analysis and machine intelligence},
  volume={35},
  number={8},
  pages={1872--1886},
  year={2013},
  publisher={IEEE}
}

@inproceedings{choromanski2018structured,
  title={Structured Evolution with Compact Architectures for Scalable Policy Optimization},
  author={Choromanski, Krzysztof and Rowland, Mark and Sindhwani, Vikas and Turner, Richard and Weller, Adrian},
  booktitle={International Conference on Machine Learning},
  pages={970--978},
  year={2018}
}

@inproceedings{45648,
  title = {Federated Learning: Strategies for Improving Communication Efficiency},
  author  = {Jakub Konečný and H. Brendan McMahan and Felix X. Yu and Peter Richtarik and Ananda Theertha Suresh and Dave Bacon},
  year  = {2016},
  booktitle = {NIPS Workshop on Private Multi-Party Machine Learning}
}

@inproceedings{sainath2015convolutional,
  title={Convolutional neural networks for small-footprint keyword spotting},
  author={Sainath, Tara N and Parada, Carolina},
  booktitle={Sixteenth Annual Conference of the International Speech Communication Association},
  year={2015}
}



@article{gray2006toeplitz,
  title={Toeplitz and circulant matrices: A review},
  author={Gray, Robert},
  journal={Foundations and Trends{\textregistered} in Communications and Information Theory},
  volume={2},
  number={3},
  pages={155--239},
  year={2006},
  publisher={Now Publishers, Inc.}
}

@article{gutierrez2012block,
  title={Block Toeplitz matrices: Asymptotic results and applications},
  author={Guti{\'e}rrez Guti{\'e}rrez, Jes{\'u}s and Crespo, Pedro},
  journal={Foundations and Trends{\textregistered} in Communications and Information Theory},
  volume={8},
  number={3},
  pages={179--257},
  year={2012},
  publisher={Now Publishers, Inc.}
}

@book{goodfellow2016deep,
    title={Deep Learning},
    author={Ian Goodfellow and Yoshua Bengio and Aaron Courville},
    publisher={MIT Press},
    year={2016}
}

@article{1054924,
    author={R. {Gray}},
    journal={IEEE Transactions on Information Theory},
    title={On the asymptotic eigenvalue distribution of Toeplitz matrices},
    year={1972},
    volume={18},
    number={6},
    pages={725-730},
    keywords={Toeplitz matrices},
    ISSN={},
}

@article{grenander1958toeplitz,
  title={Toeplitz Forms and Their Applications},
  author={Grenander, Ulf and Szeg{\"o}, Gabor and Kac, Mark},
  journal={Physics Today},
  volume={11},
  pages={38},
  year={1958}
}

@article{dumoulin2016guide,
  title={A guide to convolution arithmetic for deep learning},
  author={Dumoulin, Vincent and Visin, Francesco},
  journal={arXiv preprint arXiv:1603.07285},
  year={2016}
}


@inproceedings{cisse2017parseval,
  author = {Cisse, Moustapha and Bojanowski, Piotr and Grave, Edouard and Dauphin, Yann and Usunier, Nicolas},
  title = {Parseval Networks: Improving Robustness to Adversarial Examples},
  booktitle = {Proceedings of the 34th International Conference on Machine Learning - Volume 70},
  series = {ICML'17},
  year = {2017},
  location = {Sydney, NSW, Australia},
  pages = {854--863},
  numpages = {10},
  acmid = {3305470},
  publisher = {JMLR.org},
} 

@incollection{NIPS2019_9673,
  title = {Preventing Gradient Attenuation in Lipschitz Constrained Convolutional Networks},
  author = {Li, Qiyang and Haque, Saminul and Anil, Cem and Lucas, James and Grosse, Roger B and Jacobsen, Joern-Henrik},
  booktitle = {Advances in Neural Information Processing Systems 32},
  editor = {H. Wallach and H. Larochelle and A. Beygelzimer and F. d\textquotesingle Alch\'{e}-Buc and E. Fox and R. Garnett},
  pages = {15364--15376},
  year = {2019},
  publisher = {Curran Associates, Inc.},
}

@inproceedings{jia2017improving,
  title={Improving training of deep neural networks via singular value bounding},
  author={Jia, Kui and Tao, Dacheng and Gao, Shenghua and Xu, Xiangmin},
  booktitle={Proceedings of the IEEE Conference on Computer Vision and Pattern Recognition},
  pages={4344--4352},
  year={2017}
}

@article{couellan2019coupling,
  title={The coupling effect of Lipschitz regularization in deep neural networks},
  author={Couellan, Nicolas},
  journal={arXiv preprint arXiv:1904.06253},
  year={2019}
}

@article{finlay2018lipschitz,
  title={Lipschitz regularized Deep Neural Networks generalize and are adversarially robust},
  author={Finlay, Chris and Calder, Jeff and Abbasi, Bilal and Oberman, Adam},
  journal={arXiv preprint arXiv:1808.09540},
  year={2018}
}

@incollection{scaman2018lipschitz,
title = {Lipschitz regularity of deep neural networks: analysis and efficient estimation},
author = {Virmaux, Aladin and Scaman, Kevin},
booktitle = {Advances in Neural Information Processing Systems 31},
editor = {S. Bengio and H. Wallach and H. Larochelle and K. Grauman and N. Cesa-Bianchi and R. Garnett},
pages = {3835--3844},
year = {2018},
publisher = {Curran Associates, Inc.},
}

@article{gouk2018regularisation,
  title={Regularisation of neural networks by enforcing lipschitz continuity},
  author={Gouk, Henry and Frank, Eibe and Pfahringer, Bernhard and Cree, Michael},
  journal={arXiv preprint arXiv:1804.04368},
  year={2018}
}

@incollection{NIPS2019_9319,
title = {Efficient and Accurate Estimation of Lipschitz Constants for Deep Neural Networks},
author = {Fazlyab, Mahyar and Robey, Alexander and Hassani, Hamed and Morari, Manfred and Pappas, George},
booktitle = {Advances in Neural Information Processing Systems 32},
editor = {H. Wallach and H. Larochelle and A. Beygelzimer and F. d\textquotesingle Alch\'{e}-Buc and E. Fox and R. Garnett},
pages = {11423--11434},
year = {2019},
publisher = {Curran Associates, Inc.},
}

@misc{cranko2020certifying,
title={Certifying Distributional Robustness using Lipschitz Regularisation},
author={Zac Cranko and Zhan Shi and Xinhua Zhang and Simon Kornblith and Richard Nock},
year={2020},
}

@inproceedings{terjek2020adversarial,
title={Adversarial Lipschitz Regularization},
author={D{\'a}vid Terj{\'e}k},
booktitle={International Conference on Learning Representations},
year={2020},
}

@inproceedings{latorre2020lipschitz,
title={Lipschitz constant estimation for Neural Networks via sparse polynomial optimization},
author={Fabian Latorre and Paul Rolland and Volkan Cevher},
booktitle={International Conference on Learning Representations},
year={2020},
}

@inproceedings{sanyal2020stable,
title={Stable Rank Normalization for Improved Generalization in Neural Networks and {\{}GAN{\}}s},
author={Amartya Sanyal and Philip H. Torr and Puneet K. Dokania},
booktitle={International Conference on Learning Representations},
year={2020},
}

@article{singla2019bounding,
  title={Bounding Singular Values of Convolution Layers},
  author={Singla, Sahil and Feizi, Soheil},
  journal={arXiv preprint arXiv:1911.10258},
  year={2019}
}



@inproceedings{tsuzuku2018lipschitz,
  title={Lipschitz-margin training: Scalable certification of perturbation invariance for deep neural networks},
  author={Tsuzuku, Yusuke and Sato, Issei and Sugiyama, Masashi},
  booktitle={Advances in Neural Information Processing Systems},
  pages={6541--6550},
  year={2018}
}

@article{balan2017lipschitz,
  title={Lipschitz properties for deep convolutional networks},
  author={Balan, Radu and Singh, Maneesh and Zou, Dongmian},
  journal={arXiv preprint arXiv:1701.05217},
  year={2017}
}

@article{zou2018lipschitz,
  title={On lipschitz bounds of general convolutional neural networks},
  author={Zou, Dongmian and Balan, Radu and Singh, Maneesh},
  journal={arXiv preprint arXiv:1808.01415},
  year={2018}
}

@inproceedings{tan2019efficientnet,
  title={EfficientNet: Rethinking Model Scaling for Convolutional Neural Networks},
  author={Tan, Mingxing and Le, Quoc},
  booktitle={International Conference on Machine Learning},
  pages={6105--6114},
  year={2019}
}

@inproceedings{abadi2016tensorflow,
  title={Tensorflow: A system for large-scale machine learning},
  author={Abadi, Mart{\'\i}n and Barham, Paul and Chen, Jianmin and Chen, Zhifeng and Davis, Andy and Dean, Jeffrey and Devin, Matthieu and Ghemawat, Sanjay and Irving, Geoffrey and Isard, Michael and others},
  booktitle={12th $\{$USENIX$\}$ Symposium on Operating Systems Design and Implementation ($\{$OSDI$\}$ 16)},
  pages={265--283},
  year={2016}
}

@article{gazzah2001asymptotic,
  title={Asymptotic eigenvalue distribution of block Toeplitz matrices and application to blind SIMO channel identification},
  author={Gazzah, Houcem and Regalia, Phillip A and Delmas, J-P},
  journal={IEEE Transactions on Information Theory},
  volume={47},
  number={3},
  pages={1243--1251},
  year={2001},
  publisher={IEEE}
}

@article{gutierrez2008asymptotically,
  title={Asymptotically equivalent sequences of matrices and Hermitian block Toeplitz matrices with continuous symbols: Applications to MIMO systems},
  author={Guti{\'e}rrez-Guti{\'e}rrez, Jes{\'u}s and Crespo, Pedro M},
  journal={IEEE Transactions on Information Theory},
  volume={54},
  number={12},
  pages={5671--5680},
  year={2008},
  publisher={IEEE}
}

@article{gutierrez2011asymptotically,
  title={Asymptotically equivalent sequences of matrices and multivariate ARMA processes},
  author={Gutierrez-Gutierrez, Jes{\'u}s and Crespo, Pedro M},
  journal={IEEE Transactions on Information Theory},
  volume={57},
  number={8},
  pages={5444--5454},
  year={2011},
  publisher={IEEE}
}

@article{oudin2008asymptotic,
  title={Asymptotic generalized eigenvalue distribution of block multilevel Toeplitz matrices},
  author={Oudin, Marc and Delmas, Jean Pierre},
  journal={IEEE Transactions on Signal Processing},
  volume={57},
  number={1},
  pages={382--387},
  year={2008},
  publisher={IEEE}
}

@article{ramirez2010detection,
  title={Detection of spatially correlated Gaussian time series},
  author={Ram{\'\i}rez, David and V{\'\i}a, Javier and Santamar{\'\i}a, Ignacio and Scharf, Louis L},
  journal={IEEE Transactions on Signal Processing},
  volume={58},
  number={10},
  pages={5006--5015},
  year={2010},
  publisher={IEEE}
}

@article{de2009finding,
  title={Finding the maximum modulus of a polynomial on the polydisk using a generalization of steckins lemma},
  author={De La Chevrotiere, Gabriel},
  journal={SIAM Undergraduate Research Online},
  year={2009}
}

@article{green1999calculating,
  title={Calculating the maximum modulus of a polynomial using Steckin's lemma},
  author={Green, JJ},
  journal={SIAM journal on numerical analysis},
  volume={36},
  number={4},
  pages={1022--1029},
  year={1999},
  publisher={SIAM}
}

@inproceedings{ross2018improving,
  title={Improving the adversarial robustness and interpretability of deep neural networks by regularizing their input gradients},
  author={Ross, Andrew Slavin and Doshi-Velez, Finale},
  booktitle={Thirty-second AAAI conference on artificial intelligence},
  year={2018}
}

@article{pfister2018bounding,
  title={Bounding multivariate trigonometric polynomials with applications to filter bank design},
  author={Pfister, Luke and Bresler, Yoram},
  journal={arXiv preprint arXiv:1802.09588},
  year={2018}
}

@inproceedings{sandler2018mobilenetv2,
  title={Mobilenetv2: Inverted residuals and linear bottlenecks},
  author={Sandler, Mark and Howard, Andrew and Zhu, Menglong and Zhmoginov, Andrey and Chen, Liang-Chieh},
  booktitle={Proceedings of the IEEE Conference on Computer Vision and Pattern Recognition},
  pages={4510--4520},
  year={2018}
}

@book{jain1989fundamentals,
  title={Fundamentals of digital image processing},
  author={Jain, Anil K},
  year={1989},
  publisher={Englewood Cliffs, NJ: Prentice Hall}
}

@article{TYRTYSHNIKOV19961,
  title = {A unifying approach to some old and new theorems on distribution and clustering},
  journal = {Linear Algebra and its Applications},
  volume = {232},
  pages = {1 - 43},
  year = {1996},
  issn = {0024-3795},
  author = {Evgenij E. Tyrtyshnikov},
}

@article{TILLI199859,
  title = {Singular values and eigenvalues of non-Hermitian block Toeplitz matrices},
  journal = {Linear Algebra and its Applications},
  volume = {272},
  number = {1},
  pages = {59 - 89},
  year = {1998},
  issn = {0024-3795},
  author = {Paolo Tilli},
}


@inproceedings{Szegedy2013IntriguingPO,
  title = {Intriguing properties of neural networks},
  author = {Szegedy~, Christian and Zaremba, Wojciech and Sutskever, Ilya and Bruna, Joan and Erhan, Dumitru and Goodfellow, Ian and Fergus, Rob},
  year = {2014},
  booktitle = {International Conference on Learning Representations}
}

@InProceedings{araujo2018training,
  author = {Araujo, Alexandre and Negrevergne, Benjamin and Chevaleyre, Yann and Atif, Jamal},
  title = {Training Compact Deep Learning Models for Video Classification Using Circulant Matrices},
  booktitle = {Computer Vision -- ECCV 2018 Workshops},
  year = {2019},
  publisher = {Springer International Publishing},
  address = {Cham},
  pages = {271--286},
}


@article{araujo2019understanding,
  title={Understanding and Training Deep Diagonal Circulant Neural Networks},
  author={Araujo, Alexandre and Negrevergne, Benjamin and Chevaleyre, Yann and Atif, Jamal},
  journal={arXiv preprint arXiv:1901.10255},
  year={2019}
}

@book{federer2014geometric,
  title={Geometric measure theory},
  author={Federer, Herbert},
  year={1969},
  series={Classics in Mathematics},
  publisher={Springer-Verlag Berlin Heidelberg}
}

@inproceedings{bartlett2017spectrally,
  title={Spectrally-normalized margin bounds for neural networks},
  author={Bartlett, Peter L and Foster, Dylan J and Telgarsky, Matus J},
  booktitle={Advances in Neural Information Processing Systems},
  pages={6240--6249},
  year={2017}
}

@inproceedings{saxe2014exact,
title={Exact solutions to the nonlinear dynamics of learning in deep linear neural networks},
author={Andrew Saxe and James L. McClelland and Surya Ganguli},
booktitle={International Conference on Learning Representations},
year={2014},
}

@article{mishkin2015all,
  title={All you need is a good init},
  author={Mishkin, Dmytro and Matas, Jiri},
  journal={arXiv preprint arXiv:1511.06422},
  year={2015}
}

@article{arjovsky2017wasserstein,
  title={Wasserstein gan},
  author={Arjovsky, Martin and Chintala, Soumith and Bottou, L{\'e}on},
  journal={arXiv preprint arXiv:1701.07875},
  year={2017}
}

@article{golub2000eigenvalue,
  title={Eigenvalue computation in the 20th century},
  author={Golub, Gene H and Van der Vorst, Henk A},
  journal={Journal of Computational and Applied Mathematics},
  volume={123},
  number={1-2},
  pages={35--65},
  year={2000},
  publisher={Elsevier}
}

@inproceedings{xiao2018dynamical,
  title={Dynamical Isometry and a Mean Field Theory of CNNs: How to Train 10,000-Layer Vanilla Convolutional Neural Networks},
  author={Xiao, Lechao and Bahri, Yasaman and Sohl-Dickstein, Jascha and Schoenholz, Samuel and Pennington, Jeffrey},
  booktitle={International Conference on Machine Learning},
  pages={5393--5402},
  year={2018}
}

@inproceedings{carlini2017towards,
  title={Towards evaluating the robustness of neural networks},
  author={Carlini, Nicholas and Wagner, David},
  booktitle={2017 ieee symposium on security and privacy (sp)},
  pages={39--57},
  year={2017},
  organization={IEEE}
}

@article{carlini2019evaluating,
  title={On Evaluating Adversarial Robustness},
  author={Carlini~, Nicholas and Athalye, Anish and Papernot, Nicolas and Brendel, Wieland and Rauber, Jonas and Tsipras, Dimitris and Goodfellow, Ian and Madry, Aleksander},
  journal={arXiv preprint arXiv:1902.06705},
  year={2019}
}


@inproceedings{paszke2019pytorch,
  title={PyTorch: An imperative style, high-performance deep learning library},
  author={Paszke, Adam and Gross, Sam and Massa, Francisco and Lerer, Adam and Bradbury, James and Chanan, Gregory and Killeen, Trevor and Lin, Zeming and Gimelshein, Natalia and Antiga, Luca and others},
  booktitle={Advances in Neural Information Processing Systems},
  pages={8024--8035},
  year={2019}
}

@inproceedings{gulrajani2017improved,
  title={Improved training of wasserstein gans},
  author={Gulrajani, Ishaan and Ahmed, Faruk and Arjovsky, Martin and Dumoulin, Vincent and Courville, Aaron C},
  booktitle={Advances in neural information processing systems},
  pages={5767--5777},
  year={2017}
}

@article{zhu2017asymptotic,
  title={On the asymptotic equivalence of circulant and toeplitz matrices},
  author={Zhu, Zhihui and Wakin, Michael B},
  journal={IEEE Transactions on Information Theory},
  volume={63},
  number={5},
  pages={2975--2992},
  year={2017},
  publisher={IEEE}
}

@article{lehoucq1996deflation,
  title={Deflation techniques for an implicitly restarted Arnoldi iteration},
  author={Lehoucq, Richard B and Sorensen, Danny C},
  journal={SIAM Journal on Matrix Analysis and Applications},
  volume={17},
  number={4},
  pages={789--821},
  year={1996},
  publisher={SIAM}
}

@article{yoshida2017spectral,
  title={Spectral norm regularization for improving the generalizability of deep learning},
  author={Yoshida, Yuichi and Miyato, Takeru},
  journal={arXiv preprint arXiv:1705.10941},
  year={2017}
}

@article{miyato2018spectral,
  title={Spectral normalization for generative adversarial networks},
  author={Miyato, Takeru and Kataoka, Toshiki and Koyama, Masanori and Yoshida, Yuichi},
  journal={arXiv preprint arXiv:1802.05957},
  year={2018}
}

@InProceedings{pmlr-v37-ioffe15,
  title =    {Batch Normalization: Accelerating Deep Network Training by Reducing Internal Covariate Shift},
  author =   {Sergey Ioffe and Christian Szegedy},
  booktitle =    {Proceedings of the 32nd International Conference on Machine Learning},
  pages =    {448--456},
  year =   {2015},
  editor =   {Francis Bach and David Blei},
  volume =   {37},
  series =   {Proceedings of Machine Learning Research},
  address =    {Lille, France},
  publisher =    {PMLR},
}

@article{cifar10,
title= {CIFAR-10 (Canadian Institute for Advanced Research)},
author= {Alex Krizhevsky and Vinod Nair and Geoffrey Hinton},
keywords= {Dataset},
terms= {}
}

@incollection{NEURIPS2019_9015,
title = {PyTorch: An Imperative Style, High-Performance Deep Learning Library},
author = {Paszke, Adam and Gross, Sam and Massa, Francisco and Lerer, Adam and Bradbury, James and Chanan, Gregory and Killeen, Trevor and Lin, Zeming and Gimelshein, Natalia and Antiga, Luca and Desmaison, Alban and Kopf, Andreas and Yang, Edward and DeVito, Zachary and Raison, Martin and Tejani, Alykhan and Chilamkurthy, Sasank and Steiner, Benoit and Fang, Lu and Bai, Junjie and Chintala, Soumith},
booktitle = {Advances in Neural Information Processing Systems 32},
editor = {H. Wallach and H. Larochelle and A. Beygelzimer and F. d\textquotesingle Alch\'{e}-Buc and E. Fox and R. Garnett},
pages = {8024--8035},
year = {2019},
publisher = {Curran Associates, Inc.},
}

@Misc{numpy,
  author =    {Travis Oliphant},
  title =     {{NumPy}: A guide to {NumPy}},
  year =      {2006},
  howpublished = {USA: Trelgol Publishing},
 }
 
@article{serra1994preconditioning,
  title={Preconditioning strategies for asymptotically ill-conditioned block Toeplitz systems},
  author={Serra, Stefano},
  journal={BIT Numerical Mathematics},
  volume={34},
  number={4},
  pages={579--594},
  year={1994},
  publisher={Springer}
}

@book{zhang2011matrix,
  title={Matrix theory: basic results and techniques},
  author={Zhang, Fuzhen},
  year={2011},
  publisher={Springer Science \& Business Media}
}

@article{widom1976asymptotic,
  title={Asymptotic behavior of block Toeplitz matrices and determinants. II},
  author={Widom, Harold},
  journal={Advances in Mathematics},
  volume={21},
  number={1},
  pages={1--29},
  year={1976},
  publisher={Academic Press}
}

@article{tramer2020adaptive,
  title={On adaptive attacks to adversarial example defenses},
  author={Tramer, Florian and Carlini, Nicholas and Brendel, Wieland and Madry, Aleksander},
  journal={arXiv preprint arXiv:2002.08347},
  year={2020}
}

@inproceedings{farnia2018generalizable,
title={Generalizable Adversarial Training via Spectral Normalization},
author={Farzan Farnia and Jesse Zhang and David Tse},
booktitle={International Conference on Learning Representations},
year={2019},
}

@inproceedings{madry2018towards,
title={Towards Deep Learning Models Resistant to Adversarial Attacks},
author={Aleksander Madry and Aleksandar Makelov and Ludwig Schmidt and Dimitris Tsipras and Adrian Vladu},
booktitle={International Conference on Learning Representations},
year={2018},
}

@article{Toeplitz1911,
    author = {Toeplitz, O.},
    journal = {Mathematische Annalen},
    pages = {351-376},
    title = {Zur Theorie der quadratischen und bilinearen Formen von unendlich vielen Veränderlichen. I. Teil: Theorie der L-Formen},
    volume = {70},
    year = {1911},
}

@inproceedings{goodfellow2014explaining,
title = {Explaining and Harnessing Adversarial Examples},
author  = {Ian Goodfellow and Jonathon Shlens and Christian Szegedy},
year  = {2015},
booktitle = {International Conference on Learning Representations}
}

@inproceedings{krizhevsky2012imagenet,
  title={Imagenet classification with deep convolutional neural networks},
  author={Krizhevsky, Alex and Sutskever, Ilya and Hinton, Geoffrey E},
  booktitle={Advances in neural information processing systems},
  pages={1097--1105},
  year={2012}
}

@inproceedings{huang2017densely,
  title={Densely connected convolutional networks},
  author={Huang, Gao and Liu, Zhuang and Van Der Maaten, Laurens and Weinberger, Kilian Q},
  booktitle={Proceedings of the IEEE conference on computer vision and pattern recognition},
  pages={4700--4708},
  year={2017}
}

@article{simonyan2014very,
  title={Very deep convolutional networks for large-scale image recognition},
  author={Simonyan, Karen and Zisserman, Andrew},
  journal={arXiv preprint arXiv:1409.1556},
  year={2014}
}


@article{iandola2016squeezenet,
  title={SqueezeNet: AlexNet-level accuracy with 50x fewer parameters and< 0.5 MB model size},
  author={Iandola, Forrest N and Han, Song and Moskewicz, Matthew W and Ashraf, Khalid and Dally, William J and Keutzer, Kurt},
  journal={arXiv preprint arXiv:1602.07360},
  year={2016}
}
@inproceedings{schmidt2018adversarially,
  title={Adversarially robust generalization requires more data},
  author={Schmidt, Ludwig and Santurkar, Shibani and Tsipras, Dimitris and Talwar, Kunal and Madry, Aleksander},
  booktitle={Advances in Neural Information Processing Systems},
  pages={5014--5026},
  year={2018}
}

@article{miech2017learnable,
  title={Learnable pooling with context gating for video classification},
  author={Miech, Antoine and Laptev, Ivan and Sivic, Josef},
  journal={arXiv preprint arXiv:1706.06905},
  year={2017}
}

@article{lecun1998gradient,
  title={Gradient-based learning applied to document recognition},
  author={LeCun, Yann and Bottou, L{\'e}on and Bengio, Yoshua and Haffner, Patrick},
  journal={Proceedings of the IEEE},
  volume={86},
  number={11},
  pages={2278--2324},
  year={1998},
  publisher={Ieee}
}

@article{rumelhart1986learning,
  title={Learning representations by back-propagating errors},
  author={Rumelhart, David E and Hinton, Geoffrey E and Williams, Ronald J},
  journal={nature},
  volume={323},
  number={6088},
  pages={533--536},
  year={1986},
  publisher={Nature Publishing Group}
}

@article{werbos1974thesis,
  author = {Werbos, Paul and John, Paul},
  year = {1974},
  month = {01},
  pages = {},
  title = {Beyond regression : new tools for prediction and analysis in the behavioral sciences /}
}

@article{rosenblatt1958perceptron,
  title={The perceptron: a probabilistic model for information storage and organization in the brain.},
  author={Rosenblatt, Frank},
  journal={Psychological review},
  volume={65},
  number={6},
  pages={386},
  year={1958},
  publisher={American Psychological Association}
}

@incollection{NIPS2012_4824,
title = {ImageNet Classification with Deep Convolutional Neural Networks},
author = {Alex Krizhevsky and Sutskever, Ilya and Hinton, Geoffrey E},
booktitle = {Advances in Neural Information Processing Systems 25},
editor = {F. Pereira and C. J. C. Burges and L. Bottou and K. Q. Weinberger},
pages = {1097--1105},
year = {2012},
publisher = {Curran Associates, Inc.},
url = {http://papers.nips.cc/paper/4824-imagenet-classification-with-deep-convolutional-neural-networks.pdf}
}

@book{minsky1969perceptrons,
  title={Perceptrons.},
  author={Minsky, Marvin and Papert, Seymour},
  year={1969},
  publisher={MIT Press}
}


@article{medler1998brief,
  title={A brief history of connectionism},
  author={Medler, David A},
  year={1998},
  publisher={Citeseer}
}

@techreport{radford2018Language,
  author = {Radford, Alec and Wu, Jeffrey and Child, Rewon and Luan, David and Amodei, Dario and Sutskever, Ilya},
  institution={OpenAi},
  title = {Language Models are Unsupervised Multitask Learners},
  year = {2018},
}

@InProceedings{He_2016_CVPR,
  author = {He, Kaiming and Zhang, Xiangyu and Ren, Shaoqing and Sun, Jian},
  title = {Deep Residual Learning for Image Recognition},
  booktitle = {The IEEE Conference on Computer Vision and Pattern Recognition (CVPR)},
  year = {2016},
  pages={770-778}, 
  doi={10.1109/CVPR.2016.90}, 
  ISSN={1063-6919}, 
}

@article{hinton2012deep,
  title={Deep neural networks for acoustic modeling in speech recognition: The shared views of four research groups},
  author={Hinton~, Geoffrey and Deng, Li and Yu, Dong and Dahl, George E and Mohamed, Abdel-rahman and Jaitly, Navdeep and Senior, Andrew and Vanhoucke, Vincent and Nguyen, Patrick and Sainath, Tara N and others},
  journal={IEEE Signal processing magazine},
  volume={29},
  number={6},
  pages={82--97},
  year={2012},
  publisher={IEEE}
}

@article{ivakhnenko1967cybernetics,
  title={Cybernetics and forecasting techniques},
  author={Ivakhnenko, Alekse{\u\i} Grigorʹevich and Lapa, Valentin Grigorʹevich},
  year={1967},
  publisher={North-Holland}
}

@inproceedings{redmon2016you,
  title={You only look once: Unified, real-time object detection},
  author={Redmon, Joseph and Divvala, Santosh and Girshick, Ross and Farhadi, Ali},
  booktitle={Proceedings of the IEEE conference on computer vision and pattern recognition},
  pages={779--788},
  year={2016}
}

@article{zhang1990parallel,
  title={Parallel distributed processing model with local space-invariant interconnections and its optical architecture},
  author={Zhang~, Wei and Itoh, Kazuyoshi and Tanida, Jun and Ichioka, Yoshiki},
  journal={Applied optics},
  volume={29},
  number={32},
  pages={4790--4797},
  year={1990},
  publisher={Optical Society of America}
}

@inproceedings{globerson2006nightmare,
  title={Nightmare at test time: robust learning by feature deletion},
  author={Globerson, Amir and Roweis, Sam},
  booktitle={Proceedings of the 23rd international conference on Machine learning},
  pages={353--360},
  year={2006}
}

@inproceedings{biggio2013evasion,
  title={Evasion attacks against machine learning at test time},
  author={Biggio, Battista and Corona, Igino and Maiorca, Davide and Nelson, Blaine and {\v{S}}rndi{\'c}, Nedim and Laskov, Pavel and Giacinto, Giorgio and Roli, Fabio},
  booktitle={Joint European conference on machine learning and knowledge discovery in databases},
  pages={387--402},
  year={2013},
  organization={Springer}
}

@inproceedings{salman2019provably,
  title={Provably robust deep learning via adversarially trained smoothed classifiers},
  author={Salman, Hadi and Li, Jerry and Razenshteyn, Ilya and Zhang, Pengchuan and Zhang, Huan and Bubeck, Sebastien and Yang, Greg},
  booktitle={Advances in Neural Information Processing Systems},
  pages={11289--11300},
  year={2019}
}

@InProceedings{athalye2018obfuscated,
  title = 	 {Obfuscated Gradients Give a False Sense of Security: Circumventing Defenses to Adversarial Examples},
  author = 	 {Athalye, Anish and Carlini, Nicholas and Wagner, David},
  booktitle = 	 {Proceedings of the 35th International Conference on Machine Learning},
  pages = 	 {274--283},
  year = 	 {2018},
  editor = 	 {Dy, Jennifer and Krause, Andreas},
  volume = 	 {80},
  series = 	 {Proceedings of Machine Learning Research},
  address = 	 {Stockholmsmässan, Stockholm Sweden},
  publisher = 	 {PMLR},
}

@misc{sinha2017certifying,
    title={Certifying Some Distributional Robustness with Principled Adversarial Training},
    author={Aman Sinha and Hongseok Namkoong and Riccardo Volpi and John Duchi},
    year={2017},
    eprint={1710.10571},
    archivePrefix={arXiv},
    primaryClass={stat.ML}
}

@article{zhang2019theoretically,
  title={Theoretically principled trade-off between robustness and accuracy},
  author={Zhang, Hongyang and Yu, Yaodong and Jiao, Jiantao and Xing, Eric P and Ghaoui, Laurent El and Jordan, Michael I},
  journal={arXiv preprint arXiv:1901.08573},
  year={2019}
}

@INPROCEEDINGS{lecuyer2018certified,
  author = {M. Lecuyer and V. Atlidakais and R. Geambasu and D. Hsu and S. Jana},
  booktitle = {2019 IEEE Symposium on Security and Privacy (SP)},
  title = {Certified Robustness to Adversarial Examples with Differential Privacy},
  year = {2018},
  number = {},
  pages = {727-743},
  keywords={Adversarial-Examples;Machine-Learning;Security;Defense;Deep-Learning},
  ISSN = {CFP19020-ART},
  month={}
}

@incollection{NIPS2019_9143,
title = {Certified Adversarial Robustness with Additive Noise},
author = {Li, Bai and Chen, Changyou and Wang, Wenlin and Carin, Lawrence},
booktitle = {Advances in Neural Information Processing Systems 32},
pages = {9459--9469},
year = {2019},
publisher = {Curran Associates, Inc.},
}

@article{KolterRandomizedSmoothing,
  author = 	 {Jeremy Cohen and Elan Rosenfeld and Zico Kolter},
  title     = {Certified Adversarial Robustness via Randomized Smoothing},
  booktitle = 	 {Proceedings of the 36th International Conference on Machine Learning},
  pages = 	 {1310--1320},
  year = 	 {2019},
  editor = 	 {Kamalika Chaudhuri and Ruslan Salakhutdinov},
  volume = 	 {97},
  series = 	 {Proceedings of Machine Learning Research},
  address = 	 {Long Beach, California, USA},
  month = 	 {06},
  publisher = 	 {PMLR},
  pdf = 	 {http://proceedings.mlr.press/v97/cohen19c/cohen19c.pdf},
  url = 	 {http://proceedings.mlr.press/v97/cohen19c.html},
}


@inproceedings{pinot2019theoretical,
  title = {Theoretical evidence for adversarial robustness through randomization},
  author = {Pinot, Rafael and Meunier, Laurent and Araujo, Alexandre and Kashima, Hisashi and Yger, Florian and Gouy-Pailler, Cedric and Atif, Jamal},
  booktitle = {Advances in Neural Information Processing Systems 32},
  pages = {11838--11848},
  year = {2019},
}


@inproceedings{tramer2019adversarial,
  title={Adversarial training and robustness for multiple perturbations},
  author={Tram{\`e}r, Florian and Boneh, Dan},
  booktitle={Advances in Neural Information Processing Systems},
  pages={5866--5876},
  year={2019}
}

@inproceedings{papernot2016limitations,
  title={The limitations of deep learning in adversarial settings},
  author={Papernot, Nicolas and McDaniel, Patrick and Jha, Somesh and Fredrikson, Matt and Celik, Z Berkay and Swami, Ananthram},
  booktitle={Security and Privacy (EuroS\&P), 2016 IEEE European Symposium on},
  pages={372--387},
  year={2016},
  organization={IEEE}
}

@article{athalye2017synthesizing,
  title={Synthesizing robust adversarial examples},
  author={Athalye~, Anish and Engstrom, Logan and Ilyas, Andrew and Kwok, Kevin},
  journal={arXiv preprint arXiv:1707.07397},
  year={2017}
}

@article{kumar2020curse,
  title={Curse of dimensionality on randomized smoothing for certifiable robustness},
  author={Kumar, Aounon and Levine, Alexander and Goldstein, Tom and Feizi, Soheil},
  journal={arXiv preprint arXiv:2002.03239},
  year={2020}
}

@article{pinot2020randomization,
  title={Randomization matters. How to defend against strong adversarial attacks},
  author={Pinot, Rafael and Ettedgui, Raphael and Rizk, Geovani and Chevaleyre, Yann and Atif, Jamal},
  journal={arXiv preprint arXiv:2002.11565},
  year={2020}
}

@inproceedings{vapnik1992principles,
  title={Principles of risk minimization for learning theory},
  author={Vapnik, Vladimir},
  booktitle={Advances in neural information processing systems},
  pages={831--838},
  year={1992}
}

@inproceedings{Vapnik1991TheNA,
  title={The necessary and sufficient conditions for consistency in the empirical risk minimization method},
  author={V. Vapnik and A. J. Chervonenkis},
  year={1991}
}

@inproceedings{Papernot2016TheLO,
  title={The limitations of deep learning in adversarial settings},
  author={Papernot, Nicolas and McDaniel, Patrick and Jha, Somesh and Fredrikson, Matt and Celik, Z Berkay and Swami, Ananthram},
  booktitle={Security and Privacy (EuroS\&P), 2016 IEEE European Symposium on},
  pages={372--387},
  year={2016},
  organization={IEEE}
}

@inproceedings{moosavi2016deepfool,
  title={Deepfool: a simple and accurate method to fool deep neural networks},
  author={Moosavi-Dezfooli, Seyed-Mohsen and Fawzi, Alhussein and Frossard, Pascal},
  booktitle={Proceedings of the IEEE Conference on Computer Vision and Pattern Recognition},
  pages={2574--2582},
  year={2016}
}

@inproceedings{moosavi2017universal,
  title={Universal adversarial perturbations},
  author={Moosavi-Dezfooli, Seyed-Mohsen and Fawzi, Alhussein and Fawzi, Omar and Frossard, Pascal},
  booktitle={2017 IEEE Conference on Computer Vision and Pattern Recognition (CVPR)},
  pages={86--94},
  year={2017},
  organization={Ieee}
}

@inproceedings{papernot2016distillation,
  title={Distillation as a defense to adversarial perturbations against deep neural networks},
  author={Papernot, Nicolas and McDaniel, Patrick and Wu, Xi and Jha, Somesh and Swami, Ananthram},
  booktitle={2016 IEEE Symposium on Security and Privacy (SP)},
  pages={582--597},
  year={2016},
  organization={IEEE}
}

@inproceedings{guo2017countering,
title={Countering Adversarial Images using Input Transformations},
author={Chuan Guo and Mayank Rana and Moustapha Cisse and Laurens van der Maaten},
booktitle={International Conference on Learning Representations},
year={2018}
}

@inproceedings{meng2017magnet,
  title={Magnet: a two-pronged defense against adversarial examples},
  author={Meng, Dongyu and Chen, Hao},
  booktitle={Proceedings of the 2017 ACM SIGSAC Conference on Computer and Communications Security},
  pages={135--147},
  year={2017},
  organization={ACM}
}

@inproceedings{
Samangouei2018DefenseGAN,
title={Defense-{GAN}: Protecting Classifiers Against Adversarial Attacks Using Generative Models},
author={Pouya Samangouei and Maya Kabkab and Rama Chellappa},
booktitle={International Conference on Learning Representations},
year={2018}
}

@inproceedings{fawzi2018empirical,
  title={Empirical study of the topology and geometry of deep networks},
  author={Fawzi, Alhussein and Moosavi-Dezfooli, Seyed-Mohsen and Frossard, Pascal and Soatto, Stefano},
  booktitle={Proceedings of the IEEE Conference on Computer Vision and Pattern Recognition},
  pages={3762--3770},
  year={2018}
}

@article{simon2018adversarial,
  title={Adversarial Vulnerability of Neural Networks Increases With Input Dimension},
  author={Simon-Gabriel, Carl-Johann and Ollivier, Yann and Sch{\"o}lkopf, Bernhard and Bottou, L{\'e}on and Lopez-Paz, David},
  journal={arXiv preprint arXiv:1802.01421},
  year={2018}
}

@incollection{NIPS2018Fawzi,
  title = {Adversarial vulnerability for any classifier},
  author = {Fawzi, Alhussein and Fawzi, Hamza and Fawzi, Omar},
  booktitle = {Advances in Neural Information Processing Systems 31},
  editor = {S. Bengio and H. Wallach and H. Larochelle and K. Grauman and N. Cesa-Bianchi and R. Garnett},
  pages = {1186--1195},
  year = {2018},
  publisher = {Curran Associates, Inc.}
}

@inproceedings{Moosavi2016Robustnessofaclassifier,
  title={Robustness of classifiers: from adversarial to random noise},
  author={Fawzi, Alhussein and Moosavi-Dezfooli, Seyed-Mohsen and Frossard, Pascal},
  booktitle={Advances in Neural Information Processing Systems},
  pages={1632--1640},
  year={2016}
}

@inproceedings{Xuang2018,
  title={Towards robust neural networks via random self-ensemble},
  author={Liu, Xuanqing and Cheng, Minhao and Zhang, Huan and Hsieh, Cho-Jui},
  booktitle={European Conference on Computer Vision},
  pages={381--397},
  year={2018},
  organization={Springer}
}

@article{rakin2018parametricnoiseinjection,
  title={Parametric Noise Injection: Trainable Randomness to Improve Deep Neural Network Robustness against Adversarial Attack},
  author={Rakin, Adnan Siraj and He, Zhezhi and Fan, Deliang},
  journal={arXiv preprint arXiv:1811.09310},
  year={2018}
}

@inproceedings{Xie2017MitigatingAE,
  title={Mitigating Adversarial Effects Through Randomization},
  author={Cihang Xie and Jianyu Wang and Zhishuai Zhang and Zhou Ren and Alan Yuille},
  booktitle={International Conference on Learning Representations},
  year={2018}
}

@inproceedings{pruningDefenseICLR2018,
title={Stochastic activation pruning for robust adversarial defense},
author={Guneet S. Dhillon and Kamyar Azizzadenesheli and Jeremy D. Bernstein and Jean Kossaifi and Aran Khanna and Zachary C. Lipton and Animashree Anandkumar},
booktitle={International Conference on Learning Representations},
year={2018},
}

@article{ZozoA99,
  title={Stochastic resonance in discrete time nonlinear {AR}(1) models},
  author={Zozor, Steeve and Amblard, P-O},
  journal={IEEE transactions on Signal Processing},
  volume={47},
  number={1},
  pages={108--122},
  year={1999},
  publisher={IEEE}
}

@article{ChapR04,
  title={Noise-enhanced performance for an optimal Bayesian estimator},
  author={Chapeau-Blondeau, Fran{\c{c}}ois and Rousseau, David},
  journal={IEEE Transactions on Signal Processing},
  volume={52},
  number={5},
  pages={1327--1334},
  year={2004},
  publisher={IEEE}
}

@article{MitaK98,
  title={Adaptive stochastic resonance},
  author={Mitaim, Sanya and Kosko, Bart},
  journal={Proceedings of the IEEE},
  volume={86},
  number={11},
  pages={2152--2183},
  year={1998},
  publisher={IEEE}
}

@book{ben2009robust,
  title={Robust optimization},
  author={Ben-Tal, Aharon and El Ghaoui, Laurent and Nemirovski, Arkadi},
  volume={28},
  year={2009},
  publisher={Princeton University Press}
}

@article{Perez2017TheEO,
  title={The effectiveness of data augmentation in image classification using deep learning},
  author={Perez, Luis and Wang, Jason},
  journal={arXiv preprint arXiv:1712.04621},
  year={2017}
}

@article{dwork2014algorithmic,
  title={The algorithmic foundations of differential privacy},
  author={Dwork, Cynthia and Roth, Aaron and others},
  journal={Foundations and Trends{\textregistered} in Theoretical Computer Science},
  volume={9},
  number={3--4},
  pages={211--407},
  year={2014},
  publisher={Now Publishers, Inc.}
}

@article{SecondOrdercertifiedrobustness,
  author    = {Bai Li and
               Changyou Chen and
               Wenlin Wang and
               Lawrence Carin},
  title     = {Second-Order Adversarial Attack and Certifiable Robustness},
  journal   = {CoRR},
  volume    = {abs/1809.03113},
  year      = {2018},
  url       = {http://arxiv.org/abs/1809.03113},
  archivePrefix = {arXiv},
  eprint    = {1809.03113},
  timestamp = {Fri, 05 Oct 2018 11:34:52 +0200},
  biburl    = {https://dblp.org/rec/bib/journals/corr/abs-1809-03113},
  bibsource = {dblp computer science bibliography, https://dblp.org}
}

@inproceedings{chen2018ead,
  title={EAD: elastic-net attacks to deep neural networks via adversarial examples},
  author={Chen, Pin-Yu and Sharma, Yash and Zhang, Huan and Yi, Jinfeng and Hsieh, Cho-Jui},
  booktitle={Thirty-second AAAI conference on artificial intelligence},
  year={2018}
}

@inproceedings{NIPS2018Mahloujifar,
  title={Adversarial Risk and Robustness: General Definitions and Implications for the Uniform Distribution},
  author={Diochnos, Dimitrios and Mahloujifar, Saeed and Mahmoody, Mohammad},
  booktitle={Advances in Neural Information Processing Systems},
  pages={10380--10389},
  year={2018}
}

@book{villani2008optimal,
  title={Optimal transport: old and new},
  author={Villani, C{\'e}dric},
  volume={338},
  year={2008},
  publisher={Springer Science \& Business Media}
}

@techreport{renyi1961,
  title={On measures of entropy and information},
  author={R{\'e}nyi, Alfr{\'e}d},
  year={1961},
  institution={HUNGARIAN ACADEMY OF SCIENCES Budapest Hungary}
}

@book{cover2012elements,
 title={Elements of information theory},
 author={Cover, Thomas M and Thomas, Joy A},
 year={2012},
 publisher={John Wiley \& Sons}
}

@article{beaudry2011intuitive,
 author = {Beaudry, Normand J. and Renner, Renato},
 title = {An Intuitive Proof of the Data Processing Inequality},
 journal = {Quantum Info. Comput.},
 issue_date = {May 2012},
 volume = {12},
 number = {5-6},
 month = may,
 year = {2012},
 issn = {1533-7146},
 pages = {432--441},
 numpages = {10},
 acmid = {2231000},
 publisher = {Rinton Press, Incorporated},
 address = {Paramus, NJ},
 keywords = {entropy, information theory},
}

@inproceedings{imagenet_cvpr09,
  title={Imagenet: A large-scale hierarchical image database},
  author={Deng, Jia and Dong, Wei and Socher, Richard and Li, Li-Jia and Li, Kai and Fei-Fei, Li},
  booktitle={2009 IEEE conference on computer vision and pattern recognition},
  pages={248--255},
  year={2009},
  organization={Ieee}
}

@inproceedings{ZagoruykoK16,
	title={Wide Residual Networks},
	author={Sergey Zagoruyko and Nikos Komodakis},
	year={2016},
	month={09},
	pages={87.1-87.12},
	articleno={87},
	numpages={12},
	booktitle={Proceedings of the British Machine Vision Conference (BMVC)},
	publisher={BMVA Press},
	editor={Richard C. Wilson, Edwin R. Hancock and William A. P. Smith},
	doi={10.5244/C.30.87},
	isbn={1-901725-59-6}
}

@article{kurakin2016adversarial,
  title={Adversarial examples in the physical world},
  author={Kurakin, Alexey and Goodfellow, Ian and Bengio, Samy},
  journal={arXiv preprint arXiv:1607.02533},
  year={2016}
}

@inproceedings{szegedy2017inception,
  title={Inception-v4, inception-resnet and the impact of residual connections on learning},
  author={Szegedy, Christian and Ioffe, Sergey and Vanhoucke, Vincent and Alemi, Alexander A},
  booktitle={Thirty-First AAAI Conference on Artificial Intelligence},
  year={2017}
}

@ARTICLE{5605338,
    author={G. L. {Gilardoni}},
    journal={IEEE Transactions on Information Theory},
    title={On Pinsker's and Vajda's Type Inequalities for Csiszár's$f$-Divergences},
    year={2010},
    volume={56},
    number={11},
    pages={5377-5386},
    doi={10.1109/TIT.2010.2068710},
    ISSN={0018-9448},
    month={11},
}

@Article{Vajda1970,
  Title                    = {Note on Discrimination Information and Variation},
  Author                   = {I. Vajda},
  Journal                  = {IEEE Trans. Inform. Theory},
  Year                     = {1970},

  Month                    = {11},
  Number                   = {6},
  Pages                    = {771-773},
  Volume                   = {16}
}

@article{AGibbsMetrics2002,
 ISSN = {03067734, 17515823},
 author = {Alison L. Gibbs and Francis Edward Su},
 journal = {International Statistical Review / Revue Internationale de Statistique},
 number = {3},
 pages = {419--435},
 publisher = {[Wiley, International Statistical Institute (ISI)]},
 title = {On Choosing and Bounding Probability Metrics},
 volume = {70},
 year = {2002}
}

@incollection{huber2011robust,
  title={Robust statistics},
  author={Huber, Peter J},
  booktitle={International Encyclopedia of Statistical Science},
  pages={1248--1251},
  year={2011},
  publisher={Springer}
}

@book{sugiyama2012machine,
  title={Machine learning in non-stationary environments: Introduction to covariate shift adaptation},
  author={Sugiyama, Masashi and Kawanabe, Motoaki},
  year={2012},
  publisher={MIT press}
}

@INPROCEEDINGS{7410684, 
  author={Y. Cheng and F. X. Yu and R. S. Feris and S. Kumar and A. Choudhary and S. F. Chang}, 
  booktitle={2015 IEEE International Conference on Computer Vision (ICCV)}, 
  title={An Exploration of Parameter Redundancy in Deep Networks with Circulant Projections}, 
  year={2015}, 
  pages={2857-2865}, 
  month={12}
}

@book{tikhonov_arsenin_1977,
  title = {Solutions of Ill-posed problems},
  author = {Tikhonov, A. N. and Arsenin, V. Y.},
  publisher = {W.H.~Winston},
  year = {1977}
}

@book{anthony2009neural,
  title={Neural network learning: Theoretical foundations},
  author={Anthony, Martin and Bartlett, Peter L},
  year={2009},
  publisher={cambridge university press}
}

