
@inproceedings{mhaskar2017and,
  title={When and Why are Deep Networks Better than Shallow Ones?},
  author={Mhaskar, Hrushikesh and Liao, Qianli and Poggio, Tomaso A},
  booktitle={Proceedings of the 31st AAAI Conference on Artificial Intelligence},
  year={2017}
}

@inproceedings{szegedy2017inception,
  title={Inception-v4, Inception-ResNet and the Impact of Residual Connections on Learning},
  author={Szegedy, Christian and Ioffe, Sergey and Vanhoucke, Vincent and Alemi, Alexander A.},
  booktitle={Proceedings of the 31st AAAI Conference on Artificial Intelligence},
  year={2017}
}

@inproceedings{ross2018improving,
  title={Improving the Adversarial Robustness and Interpretability of Deep Neural Networks by Regularizing their Input Gradients},
  author={Ross, Andrew Slavin and Doshi-Velez, Finale},
  booktitle={Proceedings of the 32nd AAAI Conference on Artificial Intelligence},
  year={2018}
}

@inproceedings{chen2018ead,
  title={EAD: Elastic-Net Attacks to Deep Neural Networks via Adversarial Examples},
  author={Chen, Pin-Yu and Sharma, Yash and Zhang, Huan and Yi, Jinfeng and Hsieh, Cho-Jui},
  booktitle={Proceedings of the 32nd AAAI Conference on Artificial Intelligence},
  year={2018}
}

@inproceedings{real2019regularized,
  title={Regularized Evolution for Image Classifier Architecture Search},
  author={Real, Esteban and Aggarwal, Alok and Huang, Yanping and Le, Quoc V},
  booktitle={Proceedings of the 33rd AAAI Conference on Artificial Intelligence},
  year={2019}
}

