
@article{kurakin2016adversarial,
  title={Adversarial Examples in the Physical World},
  author={Kurakin, Alexey and Goodfellow, Ian and Bengio, Samy},
  journal={arXiv preprint arXiv:1607.02533},
  year={2016}
}

@article{perekrestenko2018universal,
  title={The Universal Approximation Power of Finite-Width Deep ReLU Networks},
  author={Perekrestenko, Dmytro and Grohs, Philipp and Elbr{\"a}chter, Dennis and B{\"o}lcskei, Helmut},
  journal={arXiv preprint arXiv:1806.01528},
  year={2018}
}

@article{hanin2017universal,
  author={Hanin, B.},
  title={Universal Function Approximation by Deep Neural Nets with Bounded Width and ReLU Activations},
  journal={ArXiv e-prints},
  year={2017},
}

@article{skalic2017deep,
  title={Deep Learning Methods for Efficient Large Scale Video Labeling},
  author={Skalic, Miha and Pekalski, Marcin and Pan, Xingguo E},
  journal={arXiv preprint arXiv:1706.04572},
  year={2017}
}

@article{jaderberg2014speeding,
  title={Speeding up Convolutional Neural Networks with Low Rank Expansions},
  author={Max Jaderberg and Andrea Vedaldi and Andrew Zisserman},
  journal={CoRR},
  year={2014},
  volume={abs/1405.3866}
}

@article{mellempudi2017ternary,
  title={Ternary Neural Networks with Fine-Grained Quantization},
  author={Naveen Mellempudi and Abhisek Kundu and Dheevatsa Mudigere and Dipankar Das and Bharat Kaul and Pradeep Dubey},
  journal={CoRR},
  volume={abs/1705.01462},
  year={2017}
}

@inproceedings{abu2016youtube,
  title={YouTube-8M: A Large-Scale Video Classification Benchmark},
  author={Sami Abu-El-Haija and Nisarg Kothari and Joonseok Lee and Apostol (Paul) Natsev and George Toderici and Balakrishnan Varadarajan and Sudheendra Vijayanarasimhan},
  booktitle={arXiv:1609.08675},
  year={2016}
}

@misc{sinha2017certifying,
  title={Certifying Some Distributional Robustness with Principled Adversarial Training},
  author={Aman Sinha and Hongseok Namkoong and Riccardo Volpi and John Duchi},
  journal={CoRR},
  volume={abs/1710.10571},
  year={2017}
}

@article{zhang2019theoretically,
  title={Theoretically Principled Trade-Off Between Robustness and Accuracy},
  author={Zhang, Hongyang and Yu, Yaodong and Jiao, Jiantao and Xing, Eric P and Ghaoui, Laurent El and Jordan, Michael I},
  journal={arXiv preprint arXiv:1901.08573},
  year={2019}
}

@article{athalye2017synthesizing,
  title={Synthesizing Robust Adversarial Examples},
  author={Athalye, Anish and Engstrom, Logan and Ilyas, Andrew and Kwok, Kevin},
  journal={arXiv preprint arXiv:1707.07397},
  year={2017}
}

@article{kumar2020curse,
  title={Curse of Dimensionality on Randomized Smoothing for Certifiable Robustness},
  author={Kumar, Aounon and Levine, Alexander and Goldstein, Tom and Feizi, Soheil},
  journal={arXiv preprint arXiv:2002.03239},
  year={2020}
}

@article{simon2018adversarial,
  title={Adversarial Vulnerability of Neural Networks Increases With Input Dimension},
  author={Simon-Gabriel, Carl-Johann and Ollivier, Yann and Sch{\"o}lkopf, Bernhard and Bottou, L{\'e}on and Lopez-Paz, David},
  journal={arXiv preprint arXiv:1802.01421},
  year={2018}
}

@article{rakin2018parametric,
  title={Parametric Noise Injection: Trainable Randomness to Improve Deep Neural Network Robustness against Adversarial Attack},
  author={Rakin, Adnan Siraj and He, Zhezhi and Fan, Deliang},
  journal={arXiv preprint arXiv:1811.09310},
  year={2018}
}

@article{perez2017effectiveness,
  title={The Effectiveness of Data Augmentation in Image Classification using Deep Learning},
  author={Perez, Luis and Wang, Jason},
  journal={arXiv preprint arXiv:1712.04621},
  year={2017}
}

@article{li2018second,
  author={Bai Li and Changyou Chen and Wenlin Wang and Lawrence Carin},
  title={Second-Order Adversarial Attack and Certifiable Robustness},
  journal={CoRR},
  volume={abs/1809.03113},
  year={2018},
}

@article{gouk2018regularisation,
  title={Regularisation of Neural Networks by Enforcing Lipschitz Continuity},
  author={Gouk, Henry and Frank, Eibe and Pfahringer, Bernhard and Cree, Michael},
  journal={arXiv preprint arXiv:1804.04368},
  year={2018}
}

@article{couellan2019coupling,
  title={The Coupling Effect of Lipschitz Regularization in Deep Neural Networks},
  author={Couellan, Nicolas},
  journal={arXiv preprint arXiv:1904.06253},
  year={2019}
}

@article{finlay2018lipschitz,
  title={Lipschitz Regularized Deep Neural Networks Generalize and are Adversarially Robust},
  author={Finlay, Chris and Calder, Jeff and Abbasi, Bilal and Oberman, Adam},
  journal={arXiv preprint arXiv:1808.09540},
  year={2018}
}

@article{dumoulin2016guide,
  title={A Guide to Convolution Arithmetic for Deep Learning},
  author={Dumoulin, Vincent and Visin, Francesco},
  journal={arXiv preprint arXiv:1603.07285},
  year={2016}
}

@article{raghu2016expressive,
  title={On the Expressive Power of Deep Neural Networks},
  author={Raghu, Maithra and Poole, Ben and Kleinberg, Jon and Ganguli, Surya and Sohl-Dickstein, Jascha},
  journal={arXiv preprint arXiv:1606.05336},
  year={2016}
}

@article{telgarsky2015representation,
  title={Representation Benefits of Deep Feedforward Networks},
  author={Telgarsky, Matus},
  journal={arXiv preprint arXiv:1509.08101},
  year={2015}
}

@article{li2018tighter,
  title={On Tighter Generalization Bound for Deep Neural Networks: CNNs, ResNets, and Beyond},
  author={Li, Xingguo and Lu, Junwei and Wang, Zhaoran and Haupt, Jarvis and Zhao, Tuo},
  journal={arXiv preprint arXiv:1806.05159},
  year={2018}
}

@article{singla2019bounding,
  title={Bounding Singular Values of Convolution Layers},
  author={Singla, Sahil and Feizi, Soheil},
  journal={arXiv preprint arXiv:1911.10258},
  year={2019}
}

@article{balan2017lipschitz,
  title={Lipschitz Properties for Deep Convolutional Networks},
  author={Balan, Radu and Singh, Maneesh and Zou, Dongmian},
  journal={arXiv preprint arXiv:1701.05217},
  year={2017}
}

@article{zou2018lipschitz,
  title={On Lipschitz Bounds of General Convolutional Neural Networks},
  author={Zou, Dongmian and Balan, Radu and Singh, Maneesh},
  journal={arXiv preprint arXiv:1808.01415},
  year={2018}
}

@article{araujo2019understanding,
  title={Understanding and Training Deep Diagonal Circulant Neural Networks},
  author={Araujo, Alexandre and Negrevergne, Benjamin and Chevaleyre, Yann and Atif, Jamal},
  journal={arXiv preprint arXiv:1901.10255},
  year={2019}
}

@article{pfister2018bounding,
  title={Bounding Multivariate Trigonometric Polynomials with Applications to Filter Bank Design},
  author={Pfister, Luke and Bresler, Yoram},
  journal={arXiv preprint arXiv:1802.09588},
  year={2018}
}

@article{mishkin2015all,
  title={All You Need is a Good Init},
  author={Mishkin, Dmytro and Matas, Jiri},
  journal={arXiv preprint arXiv:1511.06422},
  year={2015}
}

@article{arjovsky2017wasserstein,
  title={Wasserstein GAN},
  author={Arjovsky, Martin and Chintala, Soumith and Bottou, L{\'e}on},
  journal={arXiv preprint arXiv:1701.07875},
  year={2017}
}

@article{yoshida2017spectral,
  title={Spectral Norm Regularization for Improving the Generalizability of Deep Learning},
  author={Yoshida, Yuichi and Miyato, Takeru},
  journal={arXiv preprint arXiv:1705.10941},
  year={2017}
}

@article{miyato2018spectral,
  title={Spectral Normalization for Generative Adversarial Networks},
  author={Miyato, Takeru and Kataoka, Toshiki and Koyama, Masanori and Yoshida, Yuichi},
  journal={arXiv preprint arXiv:1802.05957},
  year={2018}
}

@article{carlini2019evaluating,
  title={On Evaluating Adversarial Robustness},
  author={Carlini~, Nicholas and Athalye, Anish and Papernot, Nicolas and Brendel, Wieland and Rauber, Jonas and Tsipras, Dimitris and Goodfellow, Ian and Madry, Aleksander},
  journal={arXiv preprint arXiv:1902.06705},
  year={2019}
}

@article{tramer2020adaptive,
  title={On Adaptive Attacks to Adversarial Example Defenses},
  author={Tramer, Florian and Carlini, Nicholas and Brendel, Wieland and Madry, Aleksander},
  journal={arXiv preprint arXiv:2002.08347},
  year={2020}
}

@article{iandola2016squeezenet,
  title={SqueezeNet: AlexNet-level Accuracy with 50x Fewer Parameters and< 0.5 MB Model Size},
  author={Iandola, Forrest N and Han, Song and Moskewicz, Matthew W and Ashraf, Khalid and Dally, William J and Keutzer, Kurt},
  journal={arXiv preprint arXiv:1602.07360},
  year={2016}
}

@article{miech2017learnable,
  title={Learnable Pooling with Context Gating for Video Classification},
  author={Miech, Antoine and Laptev, Ivan and Sivic, Josef},
  journal={arXiv preprint arXiv:1706.06905},
  year={2017}
}

@article{ding2018universal,
  author={Yukun Ding and Jinglan Liu and Yiyu Shi},
  title={On the Universal Approximability of Quantized ReLU Neural Networks},
  journal={CoRR},
  volume={abs/1802.03646},
  year={2018},
}

@article{wang2017monkeytyping,
  author={He-Da Wang and Teng Zhang and Ji Wu},
  title={The Monkeytyping Solution to the YouTube-8M Video Understanding Challenge},
  journal={CoRR},
  volume={abs/1706.05150},
  year={2017}
}

@article{li2017temporal,
  author={Fu Li and Chuang Gan and Xiao Liu and Yunlong Bian and Xiang Long and Yandong Li and Zhichao Li and Jie Zhou and Shilei Wen},
  title={Temporal Modeling Approaches for Large-scale Youtube-8M Video Understanding},
  journal={CoRR},
  volume={abs/1707.04555},
  year={2017}
}

@article{forrest2016squeezenet,
  title={SqueezeNet: AlexNet-level accuracy with 50x fewer parameters and {\textless}1MB model size},
  author={Forrest N. Iandola and Matthew W. Moskewicz and Khalid Ashraf and Song Han and William J. Dally and Kurt Keutzer},
  journal={CoRR},
  volume={abs/1602.07360},
  year={2016}
}

@article{collins2014memory,
  title={Memory Bounded Deep Convolutional Networks},
  author={Maxwell D. Collins and Pushmeet Kohli},
  journal={CoRR},
  volume={abs/1412.1442},
  year={2014}
}

@article{cranko2020certifying,
  title={Certifying Distributional Robustness using Lipschitz Regularisation},
  author={Zac Cranko and Zhan Shi and Xinhua Zhang and Simon Kornblith and Richard Nock},
  year={2020},
}

@article{vapnik1991necessary,
  title={The Necessary and Sufficient Conditions for Consistency in the Empirical Risk Minimization Method},
  author={V. Vapnik and A. J. Chervonenkis},
  year={1991}
}

@article{simonyan2014very,
  title={Very Deep Convolutional Networks for Large-Scale Image Recognition},
  author={Simonyan, Karen and Zisserman, Andrew},
  journal={arXiv preprint arXiv:1409.1556},
  year={2014}
}

@article{shoeybi2019megatron,
  title={Megatron-lm: Training Multi-Billion Parameter Language Models using GPU Model Parallelism},
  author={Shoeybi, Mohammad and Patwary, Mostofa and Puri, Raul and LeGresley, Patrick and Casper, Jared and Catanzaro, Bryan},
  journal={arXiv preprint arXiv:1909.08053},
  year={2019}
}

@article{brown2020language,
  title={Language Models are Few-Shot Learners},
  author={
    Brown, Tom B. and
    Mann, Benjamin and
    Ryder, Nick and
    Subbiah, Melanie and
    Kaplan, Jared and
    Dhariwal, Prafulla and
    Neelakantan, Arvind and
    Shyam, Pranav and
    Sastry, Girish and
    Askell, Amanda and
    Agarwal, Sandhini and
    Herbert-Voss, Arieland
    Krueger, Gretchen and
    Henighan, Tom and
    Child, Rewon and
    Ramesh, Aditya and
    Ziegler, Daniel M. and
    Wu, Jeffrey and
    Winter, Clemens and
    Hesse, Christopher and
    Chen, Mark and
    Sigler, Eric and
    Litwin, Mateusz and
    Gray, Scott and
    Chess, Benjamin and
    Clark, Jack and
    Berner, Christopher and
    McCandlish, Sam and
    Radford, Alec and
    Sutskever, Ilya and
    Amodei, Dario}, 
  journal={arXiv preprint arXiv:2005.14165},
  year={2020}
}

@article{kaplan2020scaling,
  title={Scaling Laws for Neural Language Models},
  author={Kaplan, Jared and McCandlish, Sam and Henighan, Tom and Brown, Tom B and Chess, Benjamin and Child, Rewon and Gray, Scott and Radford, Alec and Wu, Jeffrey and Amodei, Dario},
  journal={arXiv preprint arXiv:2001.08361},
  year={2020}
}

@article{raffel2019exploring,
  title={Exploring the Limits of Transfer Learning with a Unified Text-to-Text Transformer},
  author={Raffel, Colin and Shazeer, Noam and Roberts, Adam and Lee, Katherine and Narang, Sharan and Matena, Michael and Zhou, Yanqi and Li, Wei and Liu, Peter J},
  journal={arXiv preprint arXiv:1910.10683},
  year={2019}
}

@article{wu2016google,
  title={Google's Neural Machine Translation System: Bridging the Gap Between Human and Machine Translation},
  author={Wu, Yonghui and Schuster, Mike and Chen, Zhifeng and Le, Quoc V and Norouzi, Mohammad and Macherey, Wolfgang and Krikun, Maxim and Cao, Yuan and Gao, Qin and Macherey, Klaus and others},
  journal={arXiv preprint arXiv:1609.08144},
  year={2016}
}

@inproceedings{li2017acoustic,
  title={Acoustic Modeling for Google Home},
  author={
    Li~, Bo and
    Sainath, Tara and
    Narayanan, Arun and
    Caroselli, Joe and
    Bacchiani, Michiel and
    Misra, Ananya and
    Shafran, Izhak and
    Sak, Hasim and
    Pundak, Golan and
    Chin, Kean and
    Sim, Khe Chai and
    Weiss, Ron J. and
    Wilson, Kevin and
    Variani, Ehsan and
    Kim, Chanwoo and
    Siohan, Olivier and
    Weintraub, Mitchel and
    McDermott, Erik and
    Rose, Rick and
    Shannon, Matt},
  booktitle={INTERSPEECH},
  year={2017}
}

@article{goodman2001bit,
  title={A Bit of Progress in Language Modeling},
  author={Goodman, Joshua},
  journal={arXiv preprint cs/0108005},
  year={2001}
}

@article{hestness2017deep,
  title={Deep Learning Scaling is Predictable, Empirically},
  author={Hestness, Joel and Narang, Sharan and Ardalani, Newsha and Diamos, Gregory and Jun, Heewoo and Kianinejad, Hassan and Patwary, Md and Ali, Mostofa and Yang, Yang and Zhou, Yanqi},
  journal={arXiv preprint arXiv:1712.00409},
  year={2017}
}

@article{yu2015compact,
  title={Compact Nonlinear Maps and Circulant Extensions},
  author={Yu, Felix X and Kumar, Sanjiv and Rowley, Henry and Chang, Shih-Fu},
  journal={arXiv preprint arXiv:1503.03893},
  year={2015}
}

@article{howard2017mobilenets,
  title={Mobilenets: Efficient convolutional neural networks for mobile vision applications},
  author={Howard, Andrew G and Zhu, Menglong and Chen, Bo and Kalenichenko, Dmitry and Wang, Weijun and Weyand, Tobias and Andreetto, Marco and Adam, Hartwig},
  journal={arXiv preprint arXiv:1704.04861},
  year={2017}
}





