
@inproceedings{perronnin2007fisher,
  title={Fisher Kernels on Visual Vocabularies for Image Categorization}, 
  author={F. Perronnin and C. Dance}, 
  booktitle={Proceedings of the IEEE Conference on Computer Vision and Pattern Recognition \emph{(CVPR)}},
  year={2007}
}

@inproceedings{deng2009imagenet,
  title={Imagenet: A Large-Scale Hierarchical Image Database},
  author={Deng~, Jia and Dong, Wei and Socher, Richard and Li, Li-Jia and Li, Kai and Fei-Fei, Li},
  booktitle={Proceedings of the IEEE Conference on Computer Vision and Pattern Recognition \emph{(CVPR)}},
  year={2009}
}

@inproceedings{jegou2010aggregating,
  title={Aggregating Local Descriptors into a Compact Image Representation},
  author={J{\'e}gou, Herv{\'e} and Douze, Matthijs and Schmid, Cordelia and P{\'e}rez, Patrick},
  booktitle={Proceedings of the IEEE Conference on Computer Vision and Pattern Recognition \emph{(CVPR)}},
  year={2010}
}

@inproceedings{karpathy2014large,
  title={Large-Scale Video Classification with Convolutional Neural Networks},
  author={Karpathy, Andrej and Toderici, George and Shetty, Sanketh and Leung, Thomas and Sukthankar, Rahul and Fei-Fei, Li},
  booktitle={Proceedings of the IEEE Conference on Computer Vision and Pattern Recognition \emph{(CVPR)}},
  year={2014}
}

@inproceedings{yue2015beyond,
  title={Beyond Short Snippets: Deep Networks for Video Classification},
  author={Yue-Hei Ng, Joe and Hausknecht, Matthew and Vijayanarasimhan, Sudheendra and Vinyals, Oriol and Monga, Rajat and Toderici, George},
  booktitle={Proceedings of the IEEE Conference on Computer Vision and Pattern Recognition \emph{(CVPR)}},
  year={2015}
}

@inproceedings{liu2015sparse,
  title={Sparse Convolutional Neural Networks}, 
  author={Baoyuan Liu and Min Wang and H. Foroosh and M. Tappen and M. Penksy}, 
  booktitle={Proceedings of the IEEE Conference on Computer Vision and Pattern Recognition \emph{(CVPR)}},
  year={2015}
}

@inproceedings{szegedy2015going,
  title={Going Deeper with Convolutions},
  author={Szegedy, Christian and Liu, Wei and Jia, Yangqing and Sermanet, Pierre and Reed, Scott and Anguelov, Dragomir and Erhan, Dumitru and Vanhoucke, Vincent and Rabinovich, Andrew},
  booktitle={Proceedings of the IEEE Conference on Computer Vision and Pattern Recognition \emph{(CVPR)}},
  year={2015}
}

@inproceedings{moosavi2016deepfool,
  title={Deepfool: A Simple and Accurate Method to Fool Deep Neural Networks},
  author={Moosavi-Dezfooli, Seyed-Mohsen and Fawzi, Alhussein and Frossard, Pascal},
  booktitle={Proceedings of the IEEE Conference on Computer Vision and Pattern Recognition \emph{(CVPR)}},
  year={2016}
}

@inproceedings{arandjelovic2016netvlad,
  title={NetVLAD: CNN architecture for weakly supervised place recognition},
  author={Arandjelovi\'c, R. and Gronat, P. and Torii, A. and Pajdla, T. and Sivic, J.},
  booktitle={Proceedings of the IEEE Conference on Computer Vision and Pattern Recognition \emph{(CVPR)}},
  year={2016}
}

@inproceedings{redmon2016you,
  title={You Only Look Once: Unified, Real-Time Object Detection},
  author={Redmon~, Joseph and Divvala, Santosh and Girshick, Ross and Farhadi, Ali},
  booktitle={Proceedings of the IEEE Conference on Computer Vision and Pattern Recognition \emph{(CVPR)}},
  year={2016}
}

@inproceedings{he2016deep,
  title={Deep Residual Learning for Image Recognition},
  author={He, Kaiming and Zhang, Xiangyu and Ren, Shaoqing and Sun, Jian},
  booktitle={Proceedings of the IEEE Conference on Computer Vision and Pattern Recognition \emph{(CVPR)}},
  year={2016}
}

@inproceedings{szegedy2016rethinking,
  title={Rethinking the Inception Architecture for Computer Vision},
  author={Szegedy, Christian and Vanhoucke, Vincent and Ioffe, Sergey and Shlens, Jon and Wojna, Zbigniew},
  booktitle={Proceedings of the IEEE Conference on Computer Vision and Pattern Recognition \emph{(CVPR)}},
  year={2016}
}

@inproceedings{yu2017compressing,
  title={On Compressing Deep Models by Low Rank and Sparse Decomposition}, 
  author={X. Yu and T. Liu and X. Wang and D. Tao}, 
  booktitle={Proceedings of the IEEE Conference on Computer Vision and Pattern Recognition \emph{(CVPR)}},
  year={2017}
}

@inproceedings{redmon2017yolo9000,
  title={YOLO9000: Better, Faster, Stronger},
  author={Redmon, Joseph and Farhadi, Ali},
  booktitle={Proceedings of the IEEE Conference on Computer Vision and Pattern Recognition \emph{(CVPR)}},
  year={2017}
}

@inproceedings{moosavi2017universal,
  title={Universal Adversarial Perturbations},
  author={Moosavi-Dezfooli, Seyed-Mohsen and Fawzi, Alhussein and Fawzi, Omar and Frossard, Pascal},
  booktitle={Proceedings of the IEEE Conference on Computer Vision and Pattern Recognition \emph{(CVPR)}},
  year={2017}
}

@inproceedings{jia2017improving,
  title={Improving Training of Deep Neural Networks via Singular Value Bounding},
  author={Jia, Kui and Tao, Dacheng and Gao, Shenghua and Xu, Xiangmin},
  booktitle={Proceedings of the IEEE Conference on Computer Vision and Pattern Recognition \emph{(CVPR)}},
  year={2017}
}

@inproceedings{huang2017densely,
  title={Densely Connected Convolutional Networks},
  author={Huang, Gao and Liu, Zhuang and Van Der Maaten, Laurens and Weinberger, Kilian Q},
  booktitle={Proceedings of the IEEE Conference on Computer Vision and Pattern Recognition \emph{(CVPR)}},
  year={2017}
}

@inproceedings{dong2017more,
  title={More is Less: A More Complicated Network with Less Inference Complexity},
  author={Dong, Xuanyi and Huang, Junshi and Yang, Yi and Yan, Shuicheng},
  booktitle={Proceedings of the IEEE Conference on Computer Vision and Pattern Recognition \emph{(CVPR)}},
  year={2017}
}

@inproceedings{xie2017aggregated,
  title={Aggregated residual transformations for deep neural networks},
  author={Xie, Saining and Girshick, Ross and Doll{\'a}r, Piotr and Tu, Zhuowen and He, Kaiming},
  booktitle={Proceedings of the IEEE Conference on Computer Vision and Pattern Recognition \emph{(CVPR)}},
  year={2017}
}

@inproceedings{fawzi2018empirical,
  title={Empirical Study of the Topology and Geometry of Deep Networks},
  author={Fawzi, Alhussein and Moosavi-Dezfooli, Seyed-Mohsen and Frossard, Pascal and Soatto, Stefano},
  booktitle={Proceedings of the IEEE Conference on Computer Vision and Pattern Recognition \emph{(CVPR)}},
  year={2018}
}

@inproceedings{sandler2018mobilenetv2,
  title={Mobilenetv2: Inverted Residuals and Linear Bottlenecks},
  author={Sandler, Mark and Howard, Andrew and Zhu, Menglong and Zhmoginov, Andrey and Chen, Liang-Chieh},
  booktitle={Proceedings of the IEEE Conference on Computer Vision and Pattern Recognition \emph{(CVPR)}},
  year={2018}
}

@inproceedings{hu2018squeeze,
  title={Squeeze-and-excitation networks},
  author={Hu, Jie and Shen, Li and Sun, Gang},
  booktitle={Proceedings of the IEEE Conference on Computer Vision and Pattern Recognition \emph{(CVPR)}},
  year={2018}
}

@inproceedings{zoph2018learning,
  title={Learning transferable architectures for scalable image recognition},
  author={Zoph, Barret and Vasudevan, Vijay and Shlens, Jonathon and Le, Quoc V},
  booktitle={Proceedings of the IEEE Conference on Computer Vision and Pattern Recognition \emph{(CVPR)}},
  year={2018}
}

@inproceedings{tan2019mnasnet,
  title={Mnasnet: Platform-aware neural architecture search for mobile},
  author={Tan, Mingxing and Chen, Bo and Pang, Ruoming and Vasudevan, Vijay and Sandler, Mark and Howard, Andrew and Le, Quoc V},
  booktitle={Proceedings of the IEEE Conference on Computer Vision and Pattern Recognition \emph{(CVPR)}},
  year={2019}
}



