
@inproceedings{rastegariECCV16,
  author={Mohammad Rastegari and Vicente Ordonez and Joseph Redmon and Ali Farhadi},
  title={XNOR-Net: ImageNet Classification Using Binary Convolutional Neural Networks},
  booktitle={European Conference on Computer Vision},
  organization={Springer},
  year={2016}
}

@inproceedings{liu2016ssd,
  title={SSD: Single Shot MultiBox Detector},
  author={Liu, Wei and Anguelov, Dragomir and Erhan, Dumitru and Szegedy, Christian and Reed, Scott and Fu, Cheng-Yang and Berg, Alexander C.},
  booktitle={European Conference on Computer Vision},
  organization={Springer},
  year={2016}
}

@inproceedings{chong18eccv,
  author={Li, Chong and Shi, C. J. Richard},
  title={Constrained Optimization Based Low-Rank Approximation of Deep Neural Networks},
  booktitle={European Conference on Computer Vision},
  organization={Springer},
  year={2018}
}

@inproceedings{Xuang2018,
  title={Towards robust neural networks via random self-ensemble},
  author={Liu, Xuanqing and Cheng, Minhao and Zhang, Huan and Hsieh, Cho-Jui},
  booktitle={European Conference on Computer Vision},
  organization={Springer},
  year={2018}
}

@inproceedings{huang2016deep,
  title={Deep Networks with Stochastic Depth},
  author={Huang, Gao and Sun, Yu and Liu, Zhuang and Sedra, Daniel and Weinberger, Kilian Q},
  booktitle={European Conference on Computer Vision},
  organization={Springer},
  year={2016},
}

@inproceedings{araujo2018training,
  title={Training compact deep learning models for video classification using circulant matrices},
  author={Araujo, Alexandre and Negrevergne, Benjamin and Chevaleyre, Yann and Atif, Jamal},
  booktitle={European Conference on Computer Vision -- The 2nd Workshop on YouTube-8M Large-Scale Video Understanding},
  organization={Springer},
  year={2018}
}

@inproceedings{henriques2012exploiting,
  title={Exploiting the circulant structure of tracking-by-detection with kernels},
  author={Henriques, Jo{\~a}o F and Caseiro, Rui and Martins, Pedro and Batista, Jorge},
  booktitle={European Conference on Computer Vision},
  organization={Springer},
  year={2012}
}

