
@inproceedings{7410530, 
  title={Deep Fried Convnets},
  author={Z. Yang and M. Moczulski and M. Denil and N. d. Freitas and A. Smola and L. Song and Z. Wang},
  booktitle={2015 IEEE International Conference on Computer Vision (ICCV)},
  pages={1476-1483},
  year={2015}
}

@inproceedings{cheng, 
  author={Y. Cheng and F. X. Yu and R. S. Feris and S. Kumar and A. Choudhary and S. F. Chang}, 
  booktitle={2015 IEEE International Conference on Computer Vision (ICCV)}, 
  title={An Exploration of Parameter Redundancy in Deep Networks with Circulant Projections}, 
  pages={2857-2865}, 
  year={2015}
}

@inproceedings{7410684, 
  title={An Exploration of Parameter Redundancy in Deep Networks with Circulant Projections}, 
  author={Y. Cheng and F. X. Yu and R. S. Feris and S. Kumar and A. Choudhary and S. F. Chang}, 
  booktitle={2015 IEEE International Conference on Computer Vision (ICCV)}, 
  pages={2857-2865}, 
  year={2015}
}
