
@inproceedings{saxe2014exact,
  title={Exact solutions to the nonlinear dynamics of learning in deep linear neural networks},
  author={Andrew Saxe and James L. McClelland and Surya Ganguli},
  booktitle={International Conference on Learning Representations (ICLR)},
  year={2014}
}

@inproceedings{Szegedy2013IntriguingPO,
  title={Intriguing properties of neural networks},
  author={Szegedy~, Christian and Zaremba, Wojciech and Sutskever, Ilya and Bruna, Joan and Erhan, Dumitru and Goodfellow, Ian and Fergus, Rob},
  booktitle={International Conference on Learning Representations (ICLR)},
  year={2014}
}

@inproceedings{goodfellow2014explaining,
  title={Explaining and Harnessing Adversarial Examples},
  author ={Ian Goodfellow and Jonathon Shlens and Christian Szegedy},
  booktitle={International Conference on Learning Representations (ICLR)},
  year={2015}
}

@inproceedings{han2015deep_compression,
  title={Deep Compression: Compressing Deep Neural Networks with Pruning, Trained Quantization and Huffman Coding},
  author={Han, Song and Mao, Huizi and Dally, William J},
  booktitle={International Conference on Learning Representations (ICLR)},
  year={2016}
}

@inproceedings{merity2016pointer,
  title={Pointer Sentinel Mixture Models},
  author={Merity, Stephen and Xiong, Caiming and Bradbury, James and Socher, Richard},
  booktitle={International Conference on Learning Representations (ICLR)},
  year={2016}
}

@inproceedings{arora2018understanding,
  title={Understanding Deep Neural Networks with Rectified Linear Units},
  author={Raman Arora and Amitabh Basu and Poorya Mianjy and Anirbit Mukherjee},
  booktitle={International Conference on Learning Representations (ICLR)},
  year={2018}
}

@inproceedings{madry2018towards,
  title={Towards Deep Learning Models Resistant to Adversarial Attacks},
  author={Aleksander Madry and Aleksandar Makelov and Ludwig Schmidt and Dimitris Tsipras and Adrian Vladu},
  booktitle={International Conference on Learning Representations (ICLR)},
  year={2018}
}

@inproceedings{Samangouei2018DefenseGAN,
  title={Defense-GAN: Protecting Classifiers Against Adversarial Attacks Using Generative Models},
  author={Pouya Samangouei and Maya Kabkab and Rama Chellappa},
  booktitle={International Conference on Learning Representations (ICLR)},
  year={2018}
}

@inproceedings{sedghi2018iclr,
  title={The Singular Values of Convolutional Layers},
  author={Sedghi, Hanie and Gupta, Vineet and Long, Philip},
  booktitle={International Conference on Learning Representations (ICLR)},
  year={2018}
}

@inproceedings{pruningDefenseICLR2018,
  title={Stochastic activation pruning for robust adversarial defense},
  author={Guneet S. Dhillon and Kamyar Azizzadenesheli and Jeremy D. Bernstein and Jean Kossaifi and Aran Khanna and Zachary C. Lipton and Animashree Anandkumar},
  booktitle={International Conference on Learning Representations (ICLR)},
  year={2018}
}

@inproceedings{trabelsi2018deep,
  title={Deep Complex Networks},
  author={Chiheb Trabelsi and Olexa Bilaniuk and Ying Zhang and Dmitriy Serdyuk and Sandeep Subramanian and Joao Felipe Santos and Soroush Mehri and Negar Rostamzadeh and Yoshua Bengio and Christopher J Pal},
  booktitle={International Conference on Learning Representations (ICLR)},
  year={2018}
}

@inproceedings{guo2017countering,
  title={Countering Adversarial Images using Input Transformations},
  author={Chuan Guo and Mayank Rana and Moustapha Cisse and Laurens van der Maaten},
  booktitle={International Conference on Learning Representations (ICLR)},
  year={2018}
}

@inproceedings{Xie2017MitigatingAE,
  title={Mitigating Adversarial Effects Through Randomization},
  author={Cihang Xie and Jianyu Wang and Zhishuai Zhang and Zhou Ren and Alan Yuille},
  booktitle={International Conference on Learning Representations (ICLR)},
  year={2018}
}

@inproceedings{farnia2018generalizable,
  title={Generalizable Adversarial Training via Spectral Normalization},
  author={Farzan Farnia and Jesse Zhang and David Tse},
  booktitle={International Conference on Learning Representations (ICLR)},
  year={2019}
}

@inproceedings{terjek2020adversarial,
  title={Adversarial Lipschitz Regularization},
  author={D{\'a}vid Terj{\'e}k},
  booktitle={International Conference on Learning Representations (ICLR)},
  year={2020}
}

@inproceedings{latorre2020lipschitz,
  title={Lipschitz constant estimation for Neural Networks via sparse polynomial optimization},
  author={Fabian Latorre and Paul Rolland and Volkan Cevher},
  booktitle={International Conference on Learning Representations (ICLR)},
  year={2020},
}

@inproceedings{sanyal2020stable,
  title={Stable Rank Normalization for Improved Generalization in Neural Networks and GANs},
  author={Amartya Sanyal and Philip H. Torr and Puneet K. Dokania},
  booktitle={International Conference on Learning Representations (ICLR)},
  year={2020}
}

@inproceedings{rosenfeld2020a,
  title={A Constructive Prediction of the Generalization Error Across Scales},
  author={Jonathan S. Rosenfeld and Amir Rosenfeld and Yonatan Belinkov and Nir Shavit},
  booktitle={International Conference on Learning Representations (ICLR)},
  year={2020}
}

@inproceedings{zhang2016understanding,
  title={Understanding Deep Learning Requires Rethinking Generalization},
  author={Zhang, Chiyuan and Bengio, Samy and Hardt, Moritz and Recht, Benjamin and Vinyals, Oriol},
  booktitle={International Conference on Learning Representations (ICLR)},
  year={2017}
}



