
@inproceedings{globerson2006nightmare,
  title={Nightmare at test time: robust learning by feature deletion},
  author={Globerson, Amir and Roweis, Sam},
  booktitle={Proceedings of the 23rd international conference on Machine learning},
  pages={353--360},
  year={2006}
}

@inproceedings{pmlr-v37-ioffe15,
  title={Batch Normalization: Accelerating Deep Network Training by Reducing Internal Covariate Shift},
  author={Sergey Ioffe and Christian Szegedy},
  booktitle={Proceedings of the 32nd International Conference on Machine Learning},
  pages={448--456},
  year={2015}
}

@inproceedings{Chen_Hashing_Trick,
  author={Chen, Wenlin and Wilson, James T. and Tyree, Stephen and Weinberger, Kilian Q. and Chen, Yixin},
  title={Compressing Neural Networks with the Hashing Trick},
  booktitle={Proceedings of the 32nd International Conference on International Conference on Machine Learning},
  pages={2285--2294},
  year={2015}
}

@inproceedings{Gupta:2015:DLL:3045118.3045303,
  author={Gupta, Suyog and Agrawal, Ankur and Gopalakrishnan, Kailash and Narayanan, Pritish},
  title={Deep Learning with Limited Numerical Precision},
  booktitle={Proceedings of the 32nd International Conference on International Conference on Machine Learning},
  pages={1737--1746},
  year={2015}
}

@inproceedings{Chen:2015:CNN:3045118.3045361,
  author={Chen, Wenlin and Wilson, James T. and Tyree, Stephen and Weinberger, Kilian Q. and Chen, Yixin},
  title={Compressing Neural Networks with the Hashing Trick},
  booktitle={Proceedings of the 32nd International Conference on International Conference on Machine Learning},
  year={2015},
  pages={2285--2294},
} 

@inproceedings{pmlr-v70-zhao17b,
  title={Theoretical Properties for Neural Networks with Weight Matrices of Low Displacement Rank},
  author={Liang Zhao and Siyu Liao and Yanzhi Wang and Zhe Li and Jian Tang and Bo Yuan},
  booktitle={Proceedings of the 34th International Conference on Machine Learning},
  pages={4082--4090},
  year={2017}
}

@inproceedings{cisse2017parseval,
  author={Cisse, Moustapha and Bojanowski, Piotr and Grave, Edouard and Dauphin, Yann and Usunier, Nicolas},
  title={Parseval Networks: Improving Robustness to Adversarial Examples},
  booktitle={Proceedings of the 34th International Conference on Machine Learning},
  year={2017},
  pages={854--863},
}

@inproceedings{athalye2018obfuscated,
  title={Obfuscated Gradients Give a False Sense of Security: Circumventing Defenses to Adversarial Examples},
  author={Athalye, Anish and Carlini, Nicholas and Wagner, David},
  booktitle={Proceedings of the 35th International Conference on Machine Learning},
  pages={274--283},
  year={2018}
}

@inproceedings{choromanski2018structured,
  title={Structured Evolution with Compact Architectures for Scalable Policy Optimization},
  author={Choromanski, Krzysztof and Rowland, Mark and Sindhwani, Vikas and Turner, Richard and Weller, Adrian},
  booktitle={Proceedings of the 35th International Conference on Machine Learning},
  pages={970--978},
  year={2018}
}

@inproceedings{pmlr-v80-xiao18a,
  title={Dynamical Isometry and a Mean Field Theory of {CNN}s: How to Train 10,000-Layer Vanilla Convolutional Neural Networks},
  author={Xiao, Lechao and Bahri, Yasaman and Sohl-Dickstein, Jascha and Schoenholz, Samuel and Pennington, Jeffrey},
  booktitle={Proceedings of the 35th International Conference on Machine Learning},
  pages={5393--5402},
  year={2018}
}

@inproceedings{pmlr-v80-dai18d,
  title={Compressing Neural Networks using the Variational Information Bottleneck},
  author={Dai, Bin and Zhu, Chen and Guo, Baining and Wipf, David},
  booktitle={Proceedings of the 35th International Conference on Machine Learning},
  pages={1143--1152},
  year={2018}
}

@inproceedings{xiao2018dynamical,
  title={Dynamical Isometry and a Mean Field Theory of CNNs: How to Train 10,000-Layer Vanilla Convolutional Neural Networks},
  author={Xiao, Lechao and Bahri, Yasaman and Sohl-Dickstein, Jascha and Schoenholz, Samuel and Pennington, Jeffrey},
  booktitle={International Conference on Machine Learning},
  pages={5393--5402},
  year={2018}
}

@inproceedings{KolterRandomizedSmoothing,
  author={Jeremy Cohen and Elan Rosenfeld and Zico Kolter},
  title={Certified Adversarial Robustness via Randomized Smoothing},
  booktitle={Proceedings of the 36th International Conference on Machine Learning},
  pages={1310--1320},
  year={2019},
}

@inproceedings{tan2019efficientnet,
  title={EfficientNet: Rethinking Model Scaling for Convolutional Neural Networks},
  author={Tan, Mingxing and Le, Quoc},
  booktitle={International Conference on Machine Learning},
  pages={6105--6114},
  year={2019}
}

@inproceedings{Maas13rectifiernonlinearities,
  author={Andrew L. Maas and Awni Y. Hannun and Andrew Y. Ng},
  title={Rectifier nonlinearities improve neural network acoustic models},
  booktitle={in ICML Workshop on Deep Learning for Audio, Speech and Language Processing},
  year={2013}
}
