
@article{TYRTYSHNIKOV19961,
  title={A unifying approach to some old and new theorems on distribution and clustering},
  author={Evgenij E. Tyrtyshnikov},
  journal={Linear Algebra and its Applications},
  volume={232},
  year={1996}
}

@article{TILLI199859,
  title={Singular values and eigenvalues of non-Hermitian block Toeplitz matrices},
  author={Paolo Tilli},
  journal={Linear Algebra and its Applications},
  volume={272},
  year={1998}
}

@article{schmid2000decomposing,
  title={Decomposing a matrix into circulant and diagonal factors},
  author={Schmid, Michael and Steinwandt, Rainer and M{\"u}ller-Quade, J{\"o}rn and R{\"o}tteler, Martin and Beth, Thomas},
  journal={Linear Algebra and its Applications},
  volume={306},
  year={2000}
}

@article{KARNER2003301,
  title={Spectral decomposition of real circulant matrices},
  author={Herbert Karner and Josef Schneid and Christoph W Ueberhuber},
  journal={Linear Algebra and its Applications},
  volume={367},
  year={2003}
}
