
@inproceedings{vapnik1992principles,
  title={Principles of risk minimization for learning theory},
  author={Vapnik, Vladimir},
  booktitle={Advances in Neural Information Processing Systems \emph{(NeurIPS})},
  year={1992}
}

@inproceedings{krogh1992simple,
  title={A simple weight decay can improve generalization},
  author={Krogh, Anders and Hertz, John A},
  booktitle={Advances in Neural Information Processing Systems \emph{(NeurIPS})},
  year={1992}
}

@incollection{NIPS2012_4687,
  title={Large Scale Distributed Deep Networks},
  author={Jeffrey Dean and Greg Corrado and Rajat Monga and Chen, Kai and Matthieu Devin and Mark Mao and Marc aurelio Ranzato and Andrew Senior and Paul Tucker and Ke Yang and Quoc V. Le and Andrew Y. Ng},
  booktitle={Advances in Neural Information Processing Systems \emph{(NeurIPS})},
  year={2012}
}

@incollection{NIPS2012_4824,
  title={ImageNet Classification with Deep Convolutional Neural Networks},
  author={Alex Krizhevsky and Sutskever, Ilya and Hinton, Geoffrey E},
  booktitle={Advances in Neural Information Processing Systems \emph{(NeurIPS})},
  year={2012}
}

@inproceedings{krizhevsky2012imagenet,
  title={Imagenet classification with deep convolutional neural networks},
  author={Krizhevsky, Alex and Sutskever, Ilya and Hinton, Geoffrey E},
  booktitle={Advances in Neural Information Processing Systems \emph{(NeurIPS})},
  year={2012}
}

@incollection{NIPS2013_5025,
  title={Predicting Parameters in Deep Learning},
  author={Denil, Misha and Shakibi, Babak and Dinh, Laurent and Ranzato, Marc\textquotesingle Aurelio and de Freitas, Nando},
  booktitle={Advances in Neural Information Processing Systems \emph{(NeurIPS})},
  year={2013}
}

@inproceedings{denil2013predicting,
  title={Predicting parameters in deep learning},
  author={Denil, Misha and Shakibi, Babak and Dinh, Laurent and De Freitas, Nando and others},
  booktitle={Advances in Neural Information Processing Systems \emph{(NeurIPS})},
  year={2013}
}

@inproceedings{ba2014deep,
  title={Do deep nets really need to be deep?},
  author={Ba, Jimmy and Caruana, Rich},
  booktitle={Advances in Neural Information Processing Systems \emph{(NeurIPS})},
  year={2014}
}

@inproceedings{novikov2015tensorizing,
  title={Tensorizing neural networks},
  author={Novikov, Alexander and Podoprikhin, Dmitrii and Osokin, Anton and Vetrov, Dmitry P},
  booktitle={Advances in Neural Information Processing Systems \emph{(NeurIPS})},
  year={2015}
}

@inproceedings{sindhwani2015structured,
  title={Structured transforms for small-footprint deep learning},
  author={Sindhwani, Vikas and Sainath, Tara and Kumar, Sanjiv},
  booktitle={Advances in Neural Information Processing Systems \emph{(NeurIPS})},
  year={2015}
}

@inproceedings{44873,
  title={Distilling the Knowledge in a Neural Network},
  author={Geoffrey Hinton and Oriol Vinyals and Jeffrey Dean},
  booktitle={Neural Information Processing Systems -- Deep Learning and Representation Learning Workshop},
  year={2015}
}

@incollection{NIPS2015_5869,
  title={Structured Transforms for Small-Footprint Deep Learning},
  author={Sindhwani, Vikas and Sainath, Tara and Kumar, Sanjiv},
  booktitle={Advances in Neural Information Processing Systems (NeurIPS)},
  booktitle={Advances in Neural Information Processing Systems \emph{(NeurIPS})},
  year={2015}
}

@inproceedings{Han:2015:LBW:2969239.2969366,
  author={Han, Song and Pool, Jeff and Tran, John and Dally, William J.},
  title={Learning Both Weights and Connections for Efficient Neural Networks},
  booktitle={Advances in Neural Information Processing Systems (NeurIPS)},
  booktitle={Advances in Neural Information Processing Systems \emph{(NeurIPS})},
  year={2015}
}

@inproceedings{Courbariaux:2015:BTD:2969442.2969588,
  author={Courbariaux, Matthieu and Bengio, Yoshua and David, Jean-Pierre},
  title={BinaryConnect: Training Deep Neural Networks with Binary Weights During Propagations},
  booktitle={Advances in Neural Information Processing Systems (NeurIPS)},
  booktitle={Advances in Neural Information Processing Systems \emph{(NeurIPS})},
  year={2015}
}

@inproceedings{45648,
  title={Federated Learning: Strategies for Improving Communication Efficiency},
  author ={Jakub Konečný and H. Brendan McMahan and Felix X. Yu and Peter Richtarik and Ananda Theertha Suresh and Dave Bacon},
  booktitle={Neural Information Processing Systems -- Private Multi-Party Machine Learning Workshop},
  year ={2016}
}

@inproceedings{Moosavi2016Robustnessofaclassifier,
  title={Robustness of classifiers: from adversarial to random noise},
  author={Fawzi, Alhussein and Moosavi-Dezfooli, Seyed-Mohsen and Frossard, Pascal},
  booktitle={Advances in Neural Information Processing Systems (NeurIPS)},
  booktitle={Advances in Neural Information Processing Systems \emph{(NeurIPS})},
  year={2016}
}

@inproceedings{guo2016dynamic,    
  title={Dynamic Network Surgery for Efficient DNNs},
  author={Guo, Yiwen and Yao, Anbang and Chen, Yurong},
  booktitle={Advances in Neural Information Processing Systems (NeurIPS)},
  booktitle={Advances in Neural Information Processing Systems \emph{(NeurIPS})},
  year={2016}
} 

@incollection{NIPS2016_6322,
  title={Exponential expressivity in deep neural networks through transient chaos},
  author={Poole, Ben and Lahiri, Subhaneil and Raghu, Maithra and Sohl-Dickstein, Jascha and Ganguli, Surya},
  booktitle={Advances in Neural Information Processing Systems (NeurIPS)},
  booktitle={Advances in Neural Information Processing Systems \emph{(NeurIPS})},
  year={2016}
}

@incollection{NIPS2017_6813,
  title={Runtime Neural Pruning},
  author={Lin, Ji and Rao, Yongming and Lu, Jiwen and Zhou, Jie},
  booktitle={Advances in Neural Information Processing Systems (NeurIPS)},
  booktitle={Advances in Neural Information Processing Systems \emph{(NeurIPS})},
  year={2017}
}

@inproceedings{bartlett2017spectrally,
  title={Spectrally-normalized margin bounds for neural networks},
  author={Bartlett, Peter L and Foster, Dylan J and Telgarsky, Matus J},
  booktitle={Advances in Neural Information Processing Systems (NeurIPS)},
  booktitle={Advances in Neural Information Processing Systems \emph{(NeurIPS})},
  year={2017}
}

@inproceedings{gulrajani2017improved,
  title={Improved training of wasserstein gans},
  author={Gulrajani, Ishaan and Ahmed, Faruk and Arjovsky, Martin and Dumoulin, Vincent and Courville, Aaron C},
  booktitle={Advances in Neural Information Processing Systems (NeurIPS)},
  booktitle={Advances in Neural Information Processing Systems \emph{(NeurIPS})},
  year={2017}
}

@inproceedings{vaswani2017attention,
  title={Attention is all you need},
  author={Vaswani, Ashish and Shazeer, Noam and Parmar, Niki and Uszkoreit, Jakob and Jones, Llion and Gomez, Aidan N and Kaiser, {\L}ukasz and Polosukhin, Illia},
  booktitle={Advances in Neural Information Processing Systems (NeurIPS)},
  booktitle={Advances in Neural Information Processing Systems \emph{(NeurIPS})},
  year={2017}
}

@inproceedings{lundberg2017unified,
  title={A Unified Approach to Interpreting Model Predictions},
  author={Lundberg, Scott M and Lee, Su-In},
  booktitle={Advances in Neural Information Processing Systems (NeurIPS)},
  booktitle={Advances in Neural Information Processing Systems \emph{(NeurIPS})},
  year={2017}
}

@incollection{NIPS2018Fawzi,
  title={Adversarial vulnerability for any classifier},
  author={Fawzi, Alhussein and Fawzi, Hamza and Fawzi, Omar},
  booktitle={Advances in Neural Information Processing Systems (NeurIPS)},
  booktitle={Advances in Neural Information Processing Systems \emph{(NeurIPS})},
  year={2018}
}

@inproceedings{tsuzuku2018lipschitz,
  title={Lipschitz-margin training: Scalable certification of perturbation invariance for deep neural networks},
  author={Tsuzuku, Yusuke and Sato, Issei and Sugiyama, Masashi},
  booktitle={Advances in Neural Information Processing Systems (NeurIPS)},
  booktitle={Advances in Neural Information Processing Systems \emph{(NeurIPS})},
  year={2018}
}

@inproceedings{schmidt2018adversarially,
  title={Adversarially robust generalization requires more data},
  author={Schmidt, Ludwig and Santurkar, Shibani and Tsipras, Dimitris and Talwar, Kunal and Madry, Aleksander},
  booktitle={Advances in Neural Information Processing Systems (NeurIPS)},
  booktitle={Advances in Neural Information Processing Systems \emph{(NeurIPS})},
  year={2018}
}

@incollection{scaman2018lipschitz,
  title={Lipschitz regularity of deep neural networks: analysis and efficient estimation},
  author={Virmaux, Aladin and Scaman, Kevin},
  booktitle={Advances in Neural Information Processing Systems (NeurIPS)},
  booktitle={Advances in Neural Information Processing Systems \emph{(NeurIPS})},
  year={2018}
}

@inproceedings{NIPS2018Mahloujifar,
  title={Adversarial Risk and Robustness: General Definitions and Implications for the Uniform Distribution},
  author={Diochnos, Dimitrios and Mahloujifar, Saeed and Mahmoody, Mohammad},
  booktitle={Advances in Neural Information Processing Systems (NeurIPS)},
  booktitle={Advances in Neural Information Processing Systems \emph{(NeurIPS})},
  year={2018}
}

@incollection{Thomas_NIPS2018_8119,
  title={Learning Compressed Transforms with Low Displacement Rank},
  author={Thomas, Anna and Gu, Albert and Dao, Tri and Rudra, Atri and R\'{e}, Christopher},
  booktitle={Advances in Neural Information Processing Systems (NeurIPS)},
  booktitle={Advances in Neural Information Processing Systems \emph{(NeurIPS})},
  year={2018}
}

@inproceedings{huang2019gpipe,
  title={Gpipe: Efficient training of giant neural networks using pipeline parallelism},
  author={Huang, Yanping and Cheng, Youlong and Bapna, Ankur and Firat, Orhan and Chen, Dehao and Chen, Mia and Lee, HyoukJoong and Ngiam, Jiquan and Le, Quoc V and Wu, Yonghui and others},
  booktitle={Advances in neural information processing systems},
  year={2019}
}

@inproceedings{paszke2019pytorch,
  title={PyTorch: An imperative style, high-performance deep learning library},
  author={Paszke, Adam and Gross, Sam and Massa, Francisco and Lerer, Adam and Bradbury, James and Chanan, Gregory and Killeen, Trevor and Lin, Zeming and Gimelshein, Natalia and Antiga, Luca and others},
  booktitle={Advances in Neural Information Processing Systems (NeurIPS)},
  booktitle={Advances in Neural Information Processing Systems \emph{(NeurIPS})},
  year={2019}
}

@incollection{NIPS2019_9143,
  title={Certified Adversarial Robustness with Additive Noise},
  author={Li, Bai and Chen, Changyou and Wang, Wenlin and Carin, Lawrence},
  booktitle={Advances in Neural Information Processing Systems (NeurIPS)},
  booktitle={Advances in Neural Information Processing Systems \emph{(NeurIPS})},
  year={2019}
}

@inproceedings{pinot2019theoretical,
  title={Theoretical evidence for adversarial robustness through randomization},
  author={Pinot, Rafael and Meunier, Laurent and Araujo, Alexandre and Kashima, Hisashi and Yger, Florian and Gouy-Pailler, Cedric and Atif, Jamal},
  booktitle={Advances in Neural Information Processing Systems (NeurIPS)},
  booktitle={Advances in Neural Information Processing Systems \emph{(NeurIPS})},
  year={2019}
}

@incollection{NIPS2019_9673,
  title={Preventing Gradient Attenuation in Lipschitz Constrained Convolutional Networks},
  author={Li, Qiyang and Haque, Saminul and Anil, Cem and Lucas, James and Grosse, Roger B and Jacobsen, Joern-Henrik},
  booktitle={Advances in Neural Information Processing Systems (NeurIPS)},
  booktitle={Advances in Neural Information Processing Systems \emph{(NeurIPS})},
  year={2019}
}

@incollection{NIPS2019_9319,
  title={Efficient and Accurate Estimation of Lipschitz Constants for Deep Neural Networks},
  author={Fazlyab, Mahyar and Robey, Alexander and Hassani, Hamed and Morari, Manfred and Pappas, George},
  booktitle={Advances in Neural Information Processing Systems (NeurIPS)},
  booktitle={Advances in Neural Information Processing Systems \emph{(NeurIPS})},
  year={2019}
}

@incollection{NEURIPS2019_9015,
  title={PyTorch: An Imperative Style, High-Performance Deep Learning Library},
  author={Paszke, Adam and Gross, Sam and Massa, Francisco and Lerer, Adam and Bradbury, James and Chanan, Gregory and Killeen, Trevor and Lin, Zeming and Gimelshein, Natalia and Antiga, Luca and Desmaison, Alban and Kopf, Andreas and Yang, Edward and DeVito, Zachary and Raison, Martin and Tejani, Alykhan and Chilamkurthy, Sasank and Steiner, Benoit and Fang, Lu and Bai, Junjie and Chintala, Soumith},
  booktitle={Advances in Neural Information Processing Systems (NeurIPS)},
  booktitle={Advances in Neural Information Processing Systems \emph{(NeurIPS})},
  year={2019}
}

@inproceedings{arora2019implicit,
  title={Implicit regularization in deep matrix factorization},
  author={Arora, Sanjeev and Cohen, Nadav and Hu, Wei and Luo, Yuping},
  booktitle={Advances in Neural Information Processing Systems (NeurIPS)},
  booktitle={Advances in Neural Information Processing Systems \emph{(NeurIPS})},
  year={2019}
}

@inproceedings{tramer2019adversarial,
  title={Adversarial training and robustness for multiple perturbations},
  author={Tram{\`e}r, Florian and Boneh, Dan},
  booktitle={Advances in Neural Information Processing Systems (NeurIPS)},
  booktitle={Advances in Neural Information Processing Systems \emph{(NeurIPS})},
  year={2019}
}

@inproceedings{salman2019provably,
  title={Provably robust deep learning via adversarially trained smoothed classifiers},
  author={Salman, Hadi and Li, Jerry and Razenshteyn, Ilya and Zhang, Pengchuan and Zhang, Huan and Bubeck, Sebastien and Yang, Greg},
  booktitle={Advances in Neural Information Processing Systems (NeurIPS)},
  booktitle={Advances in Neural Information Processing Systems \emph{(NeurIPS})},
  year={2019}
}


@inproceedings{zellers2019defending,
  title={Defending against neural fake news},
  author={Zellers, Rowan and Holtzman, Ari and Rashkin, Hannah and Bisk, Yonatan and Farhadi, Ali and Roesner, Franziska and Choi, Yejin},
  booktitle={Advances in Neural Information Processing Systems (NeurIPS)},
  booktitle={Advances in Neural Information Processing Systems \emph{(NeurIPS})},
  year={2019}
}
