
@article{muller1998algorithmic,
  title={Algorithmic design of diffractive optical systems for information processing},
  author={M{\"u}ller-Quade, J{\"o}rn and Aagedal, Harald and Beth, Th and Schmid, Michael},
  journal={Physica D: Nonlinear Phenomena},
  volume={120},
  number={1-2},
  pages={196--205},
  year={1998},
  publisher={Elsevier},
}

@article{barron1993universal,
  title={Universal approximation bounds for superpositions of a sigmoidal function},
  author={Barron, Andrew R},
  journal={IEEE Transactions on Information theory},
  volume={39},
  number={3},
  pages={930--945},
  year={1993},
  publisher={IEEE},
}

@article{Ye2016,
  author={Ye, Ke and Lim, Lek-Heng},
  title={Every Matrix is a Product of Toeplitz Matrices},
  journal={Foundations of Computational Mathematics},
  year={2016},
  volume={16},
  number={3},
  pages={577--598},
}

@article{hornik1991approximation,
  title={Approximation capabilities of multilayer feedforward networks},
  author={Hornik, Kurt},
  journal={Neural networks},
  volume={4},
  number={2},
  pages={251--257},
  year={1991},
  publisher={Elsevier},
}

@article{yarotsky2017error,
  title={Error bounds for approximations with deep ReLU networks},
  author={Yarotsky, Dmitry},
  journal={Neural Networks},
  volume={94},
  pages={103--114},
  year={2017},
  publisher={Elsevier}
}

@article{VYBIRAL20111096,
  author={Jan Vybíral},
  title={A variant of the Johnson–Lindenstrauss lemma for circulant matrices},
  journal={Journal of Functional Analysis},
  volume={260},
  number={4},
  pages={1096 - 1105},
  year={2011},
}

@article{Huhtanen2015,
  author={Huhtanen, Marko and Per{\"a}m{\"a}ki, Allan},
  title={Factoring Matrices into the Product of Circulant and Diagonal Matrices},
  journal={Journal of Fourier Analysis and Applications},
  year={2015},
  volume={21},
  number={5},
  pages={1018--1033},
}

@article{Zhang:2016:AVD:3026801.3026837,
  author={Zhang, Xiangyu and Zou, Jianhua and He, Kaiming and Sun, Jian},
  title={Accelerating Very Deep Convolutional Networks for Classification and Detection},
  journal={IEEE Trans. Pattern Anal. Mach. Intell.},
  volume={38},
  number={10},
  year={2016},
  pages={1943--1955},
  publisher={IEEE Computer Society},
} 

@article{8259424, 
  author={J. Dean and D. Patterson and C. Young}, 
  journal={IEEE Micro}, 
  title={A New Golden Age in Computer Architecture: Empowering the Machine-Learning Revolution}, 
  year={2018}, 
  volume={38}, 
  number={2}, 
  pages={21-29}, 
}

@inproceedings{716791, 
  author={M. I. Jordan and R. A. Jacobs}, 
  booktitle={Proceedings of 1993 International Conference on Neural Networks (IJCNN-93-Nagoya, Japan)}, 
  title={Hierarchical mixtures of experts and the EM algorithm}, 
  year={1993}, 
  volume={2}, 
  pages={1339-1344 vol.2}, 
}

@article{ailon2009fast,
  title={The fast Johnson--Lindenstrauss transform and approximate nearest neighbors},
  author={Ailon, Nir and Chazelle, Bernard},
  journal={SIAM Journal on computing},
  volume={39},
  number={1},
  pages={302--322},
  year={2009},
  publisher={SIAM}
}

@article{hinrichs2011johnson,
  title={Johnson-Lindenstrauss lemma for circulant matrices},
  author={Hinrichs, Aicke and Vybiral, Jan},
  journal={Random Structures \& Algorithms},
  volume={39},
  number={3},
  pages={391--398},
  year={2011},
  publisher={Wiley Online Library}
}

@inproceedings{6638949, 
  author={T. N. Sainath and B. Kingsbury and V. Sindhwani and E. Arisoy and B. Ramabhadran}, 
  booktitle={2013 IEEE International Conference on Acoustics, Speech and Signal Processing}, 
  title={Low-rank matrix factorization for Deep Neural Network training with high-dimensional output targets}, 
  year={2013}, 
  pages={6655-6659}, 
}

@inproceedings{goyal19,
  author={S. {Goyal} and A. {Roy Choudhury} and V. {Sharma}},
  booktitle={2019 IEEE International Parallel and Distributed Processing Symposium Workshops (IPDPSW)},
  title={Compression of Deep Neural Networks by Combining Pruning and Low Rank Decomposition},
  year={2019},
  pages={952-958},
}

@techreport{krizhevsky2009learning,
  title={Learning multiple layers of features from tiny images},
  author={Krizhevsky, Alex and Hinton, Geoffrey},
  year={2009},
  institution={Citeseer}
}

@article{sanchez1995diagonalizing,
  title={Diagonalizing properties of the discrete cosine transforms},
  author={Sanchez, Victoria and Garcia, Pedro and Peinado, Antonio M and Segura, Jos{\'e} C and Rubio, Antonio J},
  journal={IEEE transactions on Signal Processing},
  volume={43},
  number={11},
  pages={2631--2641},
  year={1995},
  publisher={IEEE}
}

@article{rabiner1975theory,
  title={Theory and application of digital signal processing},
  author={Rabiner, Lawrence R and Gold, Bernard},
  journal={Englewood Cliffs, NJ, Prentice-Hall, Inc., 1975. 777 p.},
  year={1975}
}

@inproceedings{sainath2013low,
  title={Low-rank matrix factorization for deep neural network training with high-dimensional output targets},
  author={Sainath, Tara N and Kingsbury, Brian and Sindhwani, Vikas and Arisoy, Ebru and Ramabhadran, Bhuvana},
  booktitle={2013 IEEE international conference on acoustics, speech and signal processing},
  pages={6655--6659},
  year={2013},
  organization={IEEE}
}

@inproceedings{bucilua2006model,
  title={Model compression},
  author={Buciluǎ, Cristian and Caruana, Rich and Niculescu-Mizil, Alexandru},
  booktitle={Proceedings of the 12th ACM SIGKDD international conference on Knowledge discovery and data mining},
  pages={535--541},
  year={2006},
  organization={ACM}
}

@inproceedings{Ding:2017:CIC:3123939.3124552,
  author={Ding, Caiwen and Liao, Siyu and Wang, Yanzhi and Li, Zhe and Liu, Ning and Zhuo, Youwei and Wang, Chao and Qian, Xuehai and Bai, Yu and Yuan, Geng and Ma, Xiaolong and Zhang, Yipeng and Tang, Jian and Qiu, Qinru and Lin, Xue and Yuan, Bo},
  title={CirCNN: Accelerating and Compressing Deep Neural Networks Using Block-circulant Weight Matrices},
  booktitle={Proceedings of the 50th Annual IEEE/ACM International Symposium on Microarchitecture},
  year={2017},
  location={Cambridge, Massachusetts},
  pages={395--408},
  publisher={ACM},
} 

@article{FCVID,
  author={Yu-Gang Jiang and Zuxuan Wu and Jun Wang and Xiangyang Xue and Shih-Fu Chang},
  title={Exploiting Feature and Class Relationships in Video Categorization with Regularized Deep Neural Networks},
  journal={IEEE Transactions on Pattern Analysis and Machine Intelligence},
  volume={40},
  number={2},
  pages={352--364},
  year={2018},
}

@article{Sanchez:2013:ICF:2590166.2590173,
  author={S\'{a}nchez, Jorge and Perronnin, Florent and Mensink, Thomas and Verbeek, Jakob},
  title={Image Classification with the Fisher Vector: Theory and Practice},
  journal={Int. J. Comput. Vision},
  volume={105},
  number={3},
  year={2013},
  pages={222--245},
  publisher={Kluwer Academic Publishers},
} 

@article{doi:10.1002/rsa.20360,
  author={Hinrichs Aicke and Vybíral Jan},
  title={Johnson-Lindenstrauss lemma for circulant matrices**},
  journal={Random Structures \& Algorithms},
  volume={39},
  number={3},
  pages={391-398},
}

@inproceedings{conf/interspeech/XueLG13,
  author={Xue, Jian and Li, Jinyu and Gong, Yifan},
  booktitle={INTERSPEECH},
  keywords={dblp},
  pages={2365-2369},
  publisher={ISCA},
  title={Restructuring of deep neural network acoustic models with singular value decomposition.},
  year={2013}
}

@article{Lin2017,
  author={Lin, Henry W. and Tegmark, Max and Rolnick, David},
  title={Why Does Deep and Cheap Learning Work So Well?},
  journal={Journal of Statistical Physics},
  year={2017},
  volume={168},
  number={6},
  pages={1223--1247},
}

@article{mhaskar2016deep,
  title={Deep vs. shallow networks: An approximation theory perspective},
  author={Mhaskar, Hrushikesh N and Poggio, Tomaso},
  journal={Analysis and Applications},
  volume={14},
  number={06},
  pages={829--848},
  year={2016},
  publisher={World Scientific}
}

@inproceedings{mhaskar2017and,
  title={When and why are deep networks better than shallow ones?},
  author={Mhaskar, Hrushikesh and Liao, Qianli and Poggio, Tomaso A},
  booktitle={AAAI},
  pages={2343--2349},
  year={2017}
}

@inproceedings{Lecun98gradient-basedlearning,
  author={Yann Lecun and Léon Bottou and Yoshua Bengio and Patrick Haffner},
  title={Gradient-based learning applied to document recognition},
  booktitle={Proceedings of the IEEE},
  year={1998},
  pages={2278--2324}
}

@article{cifar,
  title={CIFAR-10 (Canadian Institute for Advanced Research)},
  author={Alex Krizhevsky and Vinod Nair and Geoffrey Hinton},
  keywords={Dataset},
}

@inproceedings{mallat2010recursive,
  author={Mallat, St{\'e}phane},
  booktitle={2010 18th European Signal Processing Conference}, 
  title={Recursive interferometric representations}, 
  year={2010},
  pages={716-720}
}

@article{bruna2013invariant,
  title={Invariant scattering convolution networks},
  author={Bruna, Joan and Mallat, St{\'e}phane},
  journal={IEEE transactions on pattern analysis and machine intelligence},
  volume={35},
  number={8},
  pages={1872--1886},
  year={2013},
  publisher={IEEE}
}

@inproceedings{sainath2015convolutional,
  title={Convolutional neural networks for small-footprint keyword spotting},
  author={Sainath, Tara N and Parada, Carolina},
  booktitle={Sixteenth Annual Conference of the International Speech Communication Association},
  year={2015}
}

@article{gray2006toeplitz,
  title={Toeplitz and circulant matrices: A review},
  author={Gray, Robert},
  journal={Foundations and Trends{\textregistered} in Communications and Information Theory},
  volume={2},
  number={3},
  pages={155--239},
  year={2006},
  publisher={Now Publishers, Inc.}
}

@article{gutierrez2012block,
  title={Block Toeplitz matrices: Asymptotic results and applications},
  author={Guti{\'e}rrez Guti{\'e}rrez, Jes{\'u}s and Crespo, Pedro},
  journal={Foundations and Trends{\textregistered} in Communications and Information Theory},
  volume={8},
  number={3},
  pages={179--257},
  year={2012},
  publisher={Now Publishers, Inc.}
}

@book{goodfellow2016deep,
  title={Deep Learning},
  author={Ian Goodfellow and Yoshua Bengio and Aaron Courville},
  publisher={MIT Press},
  year={2016}
}

@article{1054924,
  author={R. {Gray}},
  journal={IEEE Transactions on Information Theory},
  title={On the asymptotic eigenvalue distribution of Toeplitz matrices},
  year={1972},
  volume={18},
  number={6},
  pages={725-730},
  keywords={Toeplitz matrices},
}

@article{grenander1958toeplitz,
  title={Toeplitz Forms and Their Applications},
  author={Grenander, Ulf and Szeg{\"o}, Gabor and Kac, Mark},
  journal={Physics Today},
  volume={11},
  pages={38},
  year={1958}
}

@article{gazzah2001asymptotic,
  title={Asymptotic eigenvalue distribution of block Toeplitz matrices and application to blind SIMO channel identification},
  author={Gazzah, Houcem and Regalia, Phillip A and Delmas, J-P},
  journal={IEEE Transactions on Information Theory},
  volume={47},
  number={3},
  pages={1243--1251},
  year={2001},
  publisher={IEEE}
}

@article{gutierrez2008asymptotically,
  title={Asymptotically equivalent sequences of matrices and Hermitian block Toeplitz matrices with continuous symbols: Applications to MIMO systems},
  author={Guti{\'e}rrez-Guti{\'e}rrez, Jes{\'u}s and Crespo, Pedro M},
  journal={IEEE Transactions on Information Theory},
  volume={54},
  number={12},
  pages={5671--5680},
  year={2008},
  publisher={IEEE}
}

@article{gutierrez2011asymptotically,
  title={Asymptotically equivalent sequences of matrices and multivariate ARMA processes},
  author={Gutierrez-Gutierrez, Jes{\'u}s and Crespo, Pedro M},
  journal={IEEE Transactions on Information Theory},
  volume={57},
  number={8},
  pages={5444--5454},
  year={2011},
  publisher={IEEE}
}

@article{oudin2008asymptotic,
  title={Asymptotic generalized eigenvalue distribution of block multilevel Toeplitz matrices},
  author={Oudin, Marc and Delmas, Jean Pierre},
  journal={IEEE Transactions on Signal Processing},
  volume={57},
  number={1},
  pages={382--387},
  year={2008},
  publisher={IEEE}
}

@article{ramirez2010detection,
  title={Detection of spatially correlated Gaussian time series},
  author={Ram{\'\i}rez, David and V{\'\i}a, Javier and Santamar{\'\i}a, Ignacio and Scharf, Louis L},
  journal={IEEE Transactions on Signal Processing},
  volume={58},
  number={10},
  pages={5006--5015},
  year={2010},
  publisher={IEEE}
}

@article{de2009finding,
  title={Finding the maximum modulus of a polynomial on the polydisk using a generalization of steckins lemma},
  author={De La Chevrotiere, Gabriel},
  journal={SIAM Undergraduate Research Online},
  year={2009}
}

@article{green1999calculating,
  title={Calculating the maximum modulus of a polynomial using Steckin's lemma},
  author={Green, JJ},
  journal={SIAM journal on numerical analysis},
  volume={36},
  number={4},
  pages={1022--1029},
  year={1999},
  publisher={SIAM}
}

@inproceedings{ross2018improving,
  title={Improving the adversarial robustness and interpretability of deep neural networks by regularizing their input gradients},
  author={Ross, Andrew Slavin and Doshi-Velez, Finale},
  booktitle={Thirty-second AAAI conference on artificial intelligence},
  year={2018}
}

@book{jain1989fundamentals,
  title={Fundamentals of digital image processing},
  author={Jain, Anil K},
  year={1989},
  publisher={Englewood Cliffs, NJ: Prentice Hall}
}



@article{golub2000eigenvalue,
  title={Eigenvalue computation in the 20th century},
  author={Golub, Gene H and Van der Vorst, Henk A},
  journal={Journal of Computational and Applied Mathematics},
  volume={123},
  number={1-2},
  pages={35--65},
  year={2000},
  publisher={Elsevier}
}

@inproceedings{carlini2017towards,
  title={Towards evaluating the robustness of neural networks},
  author={Carlini, Nicholas and Wagner, David},
  booktitle={2017 ieee symposium on security and privacy (sp)},
  pages={39--57},
  year={2017},
  organization={IEEE}
}

@article{zhu2017asymptotic,
  title={On the asymptotic equivalence of circulant and toeplitz matrices},
  author={Zhu, Zhihui and Wakin, Michael B},
  journal={IEEE Transactions on Information Theory},
  volume={63},
  number={5},
  pages={2975--2992},
  year={2017},
  publisher={IEEE}
}

@article{lehoucq1996deflation,
  title={Deflation techniques for an implicitly restarted Arnoldi iteration},
  author={Lehoucq, Richard B and Sorensen, Danny C},
  journal={SIAM Journal on Matrix Analysis and Applications},
  volume={17},
  number={4},
  pages={789--821},
  year={1996},
  publisher={SIAM}
}

@article{cifar10,
  title={CIFAR-10 (Canadian Institute for Advanced Research)},
  author={Alex Krizhevsky and Vinod Nair and Geoffrey Hinton},
  keywords={Dataset},
}

@article{widom1976asymptotic,
  title={Asymptotic behavior of block Toeplitz matrices and determinants. II},
  author={Widom, Harold},
  journal={Advances in Mathematics},
  volume={21},
  number={1},
  pages={1--29},
  year={1976},
  publisher={Academic Press}
}

@article{Toeplitz1911,
  author={Toeplitz, O.},
  journal={Mathematische Annalen},
  pages={351-376},
  title={Zur Theorie der quadratischen und bilinearen Formen von unendlich vielen Veränderlichen. I. Teil: Theorie der L-Formen},
  volume={70},
  year={1911},
}

@article{lecun1998gradient,
  title={Gradient-based learning applied to document recognition},
  author={LeCun, Yann and Bottou, L{\'e}on and Bengio, Yoshua and Haffner, Patrick},
  journal={Proceedings of the IEEE},
  volume={86},
  number={11},
  pages={2278--2324},
  year={1998},
  publisher={Ieee}
}

@article{rumelhart1986learning,
  title={Learning representations by back-propagating errors},
  author={Rumelhart, David E and Hinton, Geoffrey E and Williams, Ronald J},
  journal={nature},
  volume={323},
  number={6088},
  pages={533--536},
  year={1986},
  publisher={Nature Publishing Group}
}

@article{werbos1974thesis,
  author={Werbos, Paul and John, Paul},
  year={1974},
  month={01},
  pages={},
  title={Beyond regression : new tools for prediction and analysis in the behavioral sciences /}
}

@article{rosenblatt1958perceptron,
  title={The perceptron: a probabilistic model for information storage and organization in the brain.},
  author={Rosenblatt, Frank},
  journal={Psychological review},
  volume={65},
  number={6},
  pages={386},
  year={1958},
  publisher={American Psychological Association}
}

@book{minsky1969perceptrons,
  title={Perceptrons.},
  author={Minsky, Marvin and Papert, Seymour},
  year={1969},
  publisher={MIT Press}
}

@article{medler1998brief,
  title={A brief history of connectionism},
  author={Medler, David A},
  year={1998},
  publisher={Citeseer}
}

@techreport{radford2018Language,
  author={Radford, Alec and Wu, Jeffrey and Child, Rewon and Luan, David and Amodei, Dario and Sutskever, Ilya},
  institution={OpenAi},
  title={Language Models are Unsupervised Multitask Learners},
  year={2018},
}

@article{hinton2012deep,
  title={Deep neural networks for acoustic modeling in speech recognition: The shared views of four research groups},
  author={Hinton~, Geoffrey and Deng, Li and Yu, Dong and Dahl, George E and Mohamed, Abdel-rahman and Jaitly, Navdeep and Senior, Andrew and Vanhoucke, Vincent and Nguyen, Patrick and Sainath, Tara N and others},
  journal={IEEE Signal processing magazine},
  volume={29},
  number={6},
  pages={82--97},
  year={2012},
  publisher={IEEE}
}

@article{ivakhnenko1967cybernetics,
  title={Cybernetics and forecasting techniques},
  author={Ivakhnenko, Alekse{\u\i} Grigorʹevich and Lapa, Valentin Grigorʹevich},
  year={1967},
  publisher={North-Holland}
}

@article{zhang1990parallel,
  title={Parallel distributed processing model with local space-invariant interconnections and its optical architecture},
  author={Zhang~, Wei and Itoh, Kazuyoshi and Tanida, Jun and Ichioka, Yoshiki},
  journal={Applied optics},
  volume={29},
  number={32},
  pages={4790--4797},
  year={1990},
  publisher={Optical Society of America}
}

@inproceedings{biggio2013evasion,
  title={Evasion attacks against machine learning at test time},
  author={Biggio, Battista and Corona, Igino and Maiorca, Davide and Nelson, Blaine and {\v{S}}rndi{\'c}, Nedim and Laskov, Pavel and Giacinto, Giorgio and Roli, Fabio},
  booktitle={Joint European conference on machine learning and knowledge discovery in databases},
  pages={387--402},
  year={2013},
  organization={Springer}
}

@inproceedings{lecuyer2018certified,
  author={M. Lecuyer and V. Atlidakais and R. Geambasu and D. Hsu and S. Jana},
  booktitle={2019 IEEE Symposium on Security and Privacy (SP)},
  title={Certified Robustness to Adversarial Examples with Differential Privacy},
  year={2018},
  pages={727-743},
}

@inproceedings{papernot2016limitations,
  title={The limitations of deep learning in adversarial settings},
  author={Papernot, Nicolas and McDaniel, Patrick and Jha, Somesh and Fredrikson, Matt and Celik, Z Berkay and Swami, Ananthram},
  booktitle={Security and Privacy (EuroS\&P), 2016 IEEE European Symposium on},
  pages={372--387},
  year={2016},
  organization={IEEE}
}

@inproceedings{Papernot2016TheLO,
  title={The limitations of deep learning in adversarial settings},
  author={Papernot, Nicolas and McDaniel, Patrick and Jha, Somesh and Fredrikson, Matt and Celik, Z Berkay and Swami, Ananthram},
  booktitle={Security and Privacy (EuroS\&P), 2016 IEEE European Symposium on},
  pages={372--387},
  year={2016},
  organization={IEEE}
}

@inproceedings{papernot2016distillation,
  title={Distillation as a defense to adversarial perturbations against deep neural networks},
  author={Papernot, Nicolas and McDaniel, Patrick and Wu, Xi and Jha, Somesh and Swami, Ananthram},
  booktitle={2016 IEEE Symposium on Security and Privacy (SP)},
  pages={582--597},
  year={2016},
  organization={IEEE}
}

@inproceedings{meng2017magnet,
  title={Magnet: a two-pronged defense against adversarial examples},
  author={Meng, Dongyu and Chen, Hao},
  booktitle={Proceedings of the 2017 ACM SIGSAC Conference on Computer and Communications Security},
  pages={135--147},
  year={2017},
  organization={ACM}
}

@article{ZozoA99,
  title={Stochastic resonance in discrete time nonlinear {AR}(1) models},
  author={Zozor, Steeve and Amblard, P-O},
  journal={IEEE transactions on Signal Processing},
  volume={47},
  number={1},
  pages={108--122},
  year={1999},
  publisher={IEEE}
}

@article{ChapR04,
  title={Noise-enhanced performance for an optimal Bayesian estimator},
  author={Chapeau-Blondeau, Fran{\c{c}}ois and Rousseau, David},
  journal={IEEE Transactions on Signal Processing},
  volume={52},
  number={5},
  pages={1327--1334},
  year={2004},
  publisher={IEEE}
}

@article{MitaK98,
  title={Adaptive stochastic resonance},
  author={Mitaim, Sanya and Kosko, Bart},
  journal={Proceedings of the IEEE},
  volume={86},
  number={11},
  pages={2152--2183},
  year={1998},
  publisher={IEEE}
}

@book{ben2009robust,
  title={Robust optimization},
  author={Ben-Tal, Aharon and El Ghaoui, Laurent and Nemirovski, Arkadi},
  volume={28},
  year={2009},
  publisher={Princeton University Press}
}

@article{dwork2014algorithmic,
  title={The algorithmic foundations of differential privacy},
  author={Dwork, Cynthia and Roth, Aaron and others},
  journal={Foundations and Trends{\textregistered} in Theoretical Computer Science},
  volume={9},
  number={3--4},
  pages={211--407},
  year={2014},
  publisher={Now Publishers, Inc.}
}

@inproceedings{chen2018ead,
  title={EAD: elastic-net attacks to deep neural networks via adversarial examples},
  author={Chen, Pin-Yu and Sharma, Yash and Zhang, Huan and Yi, Jinfeng and Hsieh, Cho-Jui},
  booktitle={Thirty-second AAAI conference on artificial intelligence},
  year={2018}
}

@techreport{renyi1961,
  title={On measures of entropy and information},
  author={R{\'e}nyi, Alfr{\'e}d},
  year={1961},
  institution={HUNGARIAN ACADEMY OF SCIENCES Budapest Hungary}
}

@book{cover2012elements,
  title={Elements of information theory},
  author={Cover, Thomas M and Thomas, Joy A},
  year={2012},
  publisher={John Wiley \& Sons}
}

@article{beaudry2011intuitive,
  author={Beaudry, Normand J. and Renner, Renato},
  title={An Intuitive Proof of the Data Processing Inequality},
  journal={Quantum Info. Comput.},
  issue_date={May 2012},
  volume={12},
  number={5-6},
  month={05},
  year={2012},
  issn={1533-7146},
  pages={432--441},
  publisher={Rinton Press, Incorporated},
}

@inproceedings{ZagoruykoK16,
  title={Wide Residual Networks},
  author={Sergey Zagoruyko and Nikos Komodakis},
  year={2016},
  month={09},
  pages={87.1-87.12},
  booktitle={Proceedings of the British Machine Vision Conference (BMVC)},
  publisher={BMVA Press},
}

@article{5605338,
  author={G. L. {Gilardoni}},
  journal={IEEE Transactions on Information Theory},
  title={On Pinsker's and Vajda's Type Inequalities for Csiszár's$f$-Divergences},
  year={2010},
  volume={56},
  number={11},
  pages={5377-5386},
  month={11},
}

@article{Vajda1970,
  title={Note on Discrimination Information and Variation},
  author={I. Vajda},
  journal={IEEE Trans. Inform. Theory},
  year={1970},
  month={11},
  number={6},
  pages={771-773},
  volume={16}
}

@article{AGibbsMetrics2002,
 author={Alison L. Gibbs and Francis Edward Su},
 journal={International Statistical Review / Revue Internationale de Statistique},
 number={3},
 pages={419--435},
 publisher={[Wiley, International Statistical Institute (ISI)]},
 title={On Choosing and Bounding Probability Metrics},
 volume={70},
 year={2002}
}

@book{sugiyama2012machine,
  title={Machine learning in non-stationary environments: Introduction to covariate shift adaptation},
  author={Sugiyama, Masashi and Kawanabe, Motoaki},
  year={2012},
  publisher={MIT press}
}

@book{tikhonov_arsenin_1977,
  title={Solutions of Ill-posed problems},
  author={Tikhonov, A. N. and Arsenin, V. Y.},
  publisher={W.H.~Winston},
  year={1977}
}

@book{anthony2009neural,
  title={Neural network learning: Theoretical foundations},
  author={Anthony, Martin and Bartlett, Peter L},
  year={2009},
  publisher={cambridge university press}
}

@article{karush1939minima,
  title={Minima of functions of several variables with inequalities as side constraints},
  author={Karush, William},
  journal={M. Sc. Dissertation. Dept. of Mathematics, Univ. of Chicago},
  year={1939}
}

@misc{tensorflow2015-whitepaper,
  title={ {TensorFlow}: Large-Scale Machine Learning on Heterogeneous Systems},
  note={Software available from tensorflow.org},
  author={
      Mart\'{i}n Abadi and
      Ashish Agarwal and
      Paul Barham and
      Eugene Brevdo and
      Zhifeng Chen and
      Craig Citro and
      Greg~S. Corrado and
      Andy Davis and
      Jeffrey Dean and
      Matthieu Devin and
      Sanjay Ghemawat and
      Ian Goodfellow and
      Andrew Harp and
      Geoffrey Irving and
      Michael Isard and
      Yangqing Jia and
      Rafal Jozefowicz and
      Lukasz Kaiser and
      Manjunath Kudlur and
      Josh Levenberg and
      Dandelion Man\'{e} and
      Rajat Monga and
      Sherry Moore and
      Derek Murray and
      Chris Olah and
      Mike Schuster and
      Jonathon Shlens and
      Benoit Steiner and
      Ilya Sutskever and
      Kunal Talwar and
      Paul Tucker and
      Vincent Vanhoucke and
      Vijay Vasudevan and
      Fernanda Vi\'{e}gas and
      Oriol Vinyals and
      Pete Warden and
      Martin Wattenberg and
      Martin Wicke and
      Yuan Yu and
      Xiaoqiang Zheng},
  year={2015},
}

@misc{numpy,
  author={Travis Oliphant},
  title={NumPy: A guide to NumPy},
  year={2006},
  howpublished={USA: Trelgol Publishing},
 }
 
 @article{scikit-learn,
  title={Scikit-learn: Machine Learning in {P}ython},
  author={Pedregosa, F. and Varoquaux, G. and Gramfort, A. and Michel, V.
	 and Thirion, B. and Grisel, O. and Blondel, M. and Prettenhofer, P.
	 and Weiss, R. and Dubourg, V. and Vanderplas, J. and Passos, A. and
	 Cournapeau, D. and Brucher, M. and Perrot, M. and Duchesnay, E.},
  journal={Journal of Machine Learning Research},
  volume={12},
  pages={2825--2830},
  year={2011}
}

@article{ILSVRC15,
  title={ImageNet Large Scale Visual Recognition Challenge},
  author={Olga Russakovsky and Jia Deng and Hao Su and Jonathan Krause and Sanjeev Satheesh and Sean Ma and Zhiheng Huang and Andrej Karpathy and Aditya Khosla and Michael Bernstein and Alexander C. Berg and Li Fei-Fei},
  journal={International Journal of Computer Vision (IJCV)},
  pages={211-252},
  year={2015}
}

@article{abdel2014convolutional,
  title={Convolutional neural networks for speech recognition},
  author={Abdel-Hamid, Ossama and Mohamed, Abdel-rahman and Jiang, Hui and Deng, Li and Penn, Gerald and Yu, Dong},
  journal={IEEE/ACM Transactions on audio, speech, and language processing},
  volume={22},
  number={10},
  pages={1533--1545},
  year={2014},
  publisher={IEEE}
}

@inproceedings{szegedy2017inception,
  title={Inception-v4, Inception-ResNet and the Impact of Residual Connections on Learning},
  author={Szegedy, Christian and Ioffe, Sergey and Vanhoucke, Vincent and Alemi, Alexander A.},
  booktitle={Proceedings of the Thirty-First AAAI Conference on Artificial Intelligence},
  year={2017}
}

@inproceedings{peters2018deep,
  title={Deep Contextualized Word Representations},
  author={Peters, Matthew E. and  Neumann, Mark and Iyyer, Mohit and Gardner, Matt and Clark, Christopher and Lee, Kenton and Zettlemoyer, Luke},
  booktitle={Proceedings of the 2018 Conference of the North American Chapter of the Association for Computational Linguistics: Human Language Technologies (NAACL)},
  year={2018}
}

@article{radford2018improving,
  title={Improving language understanding by Generative Pre-Training},
  author={Radford~, Alec and Narasimhan, Karthik and Salimans, Tim and Sutskever, Ilya},
  year={2018}
}

@inproceedings{devlin2019bert,
    title={"BERT: Pre-training of Deep Bidirectional Transformers for Language Understanding},
    author = "Devlin, Jacob  and Chang, Ming-Wei  and Lee, Kenton  and Toutanova, Kristina",
    booktitle={Proceedings of the 2019 Conference of the North American Chapter of the Association for Computational Linguistics: Human Language Technologies (NAACL)},
    year={2019}
}

@article{radford2019language,
  title={Language models are unsupervised multitask learners},
  author={Radford, Alec and Wu, Jeffrey and Child, Rewon and Luan, David and Amodei, Dario and Sutskever, Ilya},
  journal={OpenAI Blog},
  year={2019}
}

@article{rosset2020turingnlg,
  title={Turing-NLG: A 17-billion-parameter language model},
  author={Rosset, Corby},
  journal={Microsoft Blog},
  year={2020}
}

@article{fagnant2015preparing,
  title={Preparing a nation for autonomous vehicles: opportunities, barriers and policy recommendations},
  author={Fagnant, Daniel J and Kockelman, Kara},
  journal={Transportation Research Part A: Policy and Practice},
  publisher={Elsevier},
  year={2015}
}

@article{li2020overview,
  title={OpenAI's GPT-3 Language Model: A Technical Overview},
  author={Chuan Li},
  url={https://lambdalabs.com/blog/demystifying-gpt-3/},
  year={2020}
}

@inproceedings{banko2001scaling,
  title={Scaling to Very Very Large Corpora for Natural Language Disambiguation},
  author={Banko, Michele  and Brill, Eric},
  booktitle={Proceedings of the 39th Annual Meeting of the Association for Computational Linguistics},
  year={2001}
}

@inproceedings{hestness2019beyond,
  author={Hestness, Joel and Ardalani, Newsha and Diamos, Gregory},
  title={Beyond Human-Level Accuracy: Computational Challenges in Deep Learning},
  booktitle={Proceedings of the 24th Symposium on Principles and Practice of Parallel Programming},
  year={2019}
}

@article{faust2018deep,
  title={Deep learning for healthcare applications based on physiological signals: A review},
  author={Faust, Oliver and Hagiwara, Yuki and Hong, Tan Jen and Lih, Oh Shu and Acharya, U Rajendra},
  journal={Computer Methods and Programs in Biomedicine},
  year={2018}
}

@inproceedings{dalvi2004adversarial,
  title={Adversarial classification},
  author={Dalvi, Nilesh and Domingos, Pedro and Sanghai, Sumit and Verma, Deepak},
  booktitle={Proceedings of the tenth ACM SIGKDD international conference on Knowledge discovery and data mining},
  pages={99--108},
  year={2004}
}
