

@article{vapnik1982estimation,
  title={Estimation of Dependences Based on Empirical Data: Springer Series in Statistics (Springer Series in Statistics)},
  author={Vapnik, Vladimir},
  year={1982},
  publisher={Springer-Verlag}
}

@article{mcculloch1943logical,
  title={A logical calculus of the ideas immanent in nervous activity},
  author={McCulloch, Warren S and Pitts, Walter},
  journal={The bulletin of mathematical biophysics},
  volume={5},
  number={4},
  pages={115--133},
  year={1943},
  publisher={Springer}
}

@incollection{kuhn2014nonlinear,
  title={Nonlinear programming},
  author={Kuhn, Harold W and Tucker, Albert W},
  booktitle={Traces and emergence of nonlinear programming},
  pages={247--258},
  year={2014},
  publisher={Springer}
}

@book{villani2008optimal,
  title={Optimal transport: old and new},
  author={Villani, C{\'e}dric},
  volume={338},
  year={2008},
  publisher={Springer Science \& Business Media}
}

@incollection{huber2011robust,
  title={Robust statistics},
  author={Huber, Peter J},
  booktitle={International Encyclopedia of Statistical Science},
  pages={1248--1251},
  year={2011},
  publisher={Springer}
}

@article{serra1994preconditioning,
  title={Preconditioning strategies for asymptotically ill-conditioned block Toeplitz systems},
  author={Serra, Stefano},
  journal={BIT Numerical Mathematics},
  volume={34},
  number={4},
  pages={579--594},
  year={1994},
  publisher={Springer}
}

@book{zhang2011matrix,
  title={Matrix theory: basic results and techniques},
  author={Zhang, Fuzhen},
  year={2011},
  publisher={Springer Science \& Business Media}
}

@book{federer2014geometric,
  title={Geometric measure theory},
  author={Federer, Herbert},
  year={1969},
  series={Classics in Mathematics},
  publisher={Springer-Verlag Berlin Heidelberg}
}

@book{yu2016automatic,
  title={Automatic Speech Recognition},
  author={Yu, Dong and Deng, Li},
  year={2016},
  publisher={Springer}
}
